3038 4956
60 326 67 340 ¹
133 256 163 309 11
184 262 332 322 ere-a
546 255 654 310 ninas
675 255 875 311 atoarosvs

132 419 195 484 Ille
218 421 274 502 qai
295 440 345 483 me
369 420 456 502 cepit
478 419 535 483 dat
557 442 608 484 me
631 420 706 485 huic
729 420 812 485 dono
837 416 943 485 mssiti.

131 525 196 591 Hic
217 529 377 610 posquam
399 527 433 589 in
458 525 546 590 aedis
571 547 622 589 me
646 525 744 598 adse
767 523 899 590 deduxit
922 526 1067 609 domum,

112 632 235 698 'Video
257 630 362 717 sslam,
386 632 522 697 amicam
546 630 675 716 erilem,
699 632 838 697 Athenis
862 636 944 717 queo
967 632 1039 698 fuit.

129 739 197 805 Vbi
221 741 334 806 contra
357 739 484 823 aspexit
507 761 571 823 me,
595 739 696 804 oculis
720 739 801 803 mihi
825 740 955 823 signam
979 739 1079 823 dedit,

129 845 184 911 Ne
206 870 240 911 se
264 847 470 931 appellarem.
504 843 631 928 deinde,
654 868 813 930 posquam
836 847 1010 930 occasiost,
1100 889 1102 896 ·

130 952 347 1037 Conqueritur
371 975 496 1017 mecum
519 953 634 1016 molier
657 952 804 1016 fortunas
828 974 911 1016 snas.

130 1061 191 1143 Ait
214 1062 284 1126 sose
310 1059 457 1124 Athenas
480 1059 592 1144 fogere
616 1081 732 1143 cupere
757 1082 796 1124 ex
818 1058 880 1123 hoc
904 1058 1015 1123 domu:

28 1219 32 1225 .
129 1165 209 1232 Sese
232 1165 326 1232 illurn
349 1188 469 1251 amare,
494 1168 602 1230 meum
626 1189 725 1250 erum,
754 1166 892 1230 Athenis
918 1163 975 1250 qui
996 1165 1070 1249 fuit,

128 1272 245 1358 Neque
269 1275 359 1358 poius
383 1295 576 1358 quemquam
601 1271 706 1338 odisse
730 1296 826 1370 quam
850 1274 948 1338 istum
972 1270 1119 1336 militem.

24 1439 28 1444 .
112 1379 204 1464 ⁴Ego
228 1380 381 1464 quoniam
405 1381 532 1464 inspexi
554 1380 698 1443 molieris
722 1374 930 1459 sententiam,

130 1484 216 1570 Cepi
236 1488 390 1571 tabellas,
413 1487 605 1571 consignant
628 1487 824 1570 clanculum,

128 1593 214 1658 Dedi
236 1594 408 1659 mercatori
432 1590 572 1676 cuidam,
596 1595 650 1678 qui
674 1594 714 1658 ad
738 1594 832 1658 illurn
855 1593 993 1677 deferat,

91 1741 93 1744 -
128 1699 238 1764 Meum
262 1705 365 1785 enim,
390 1701 445 1786 qui
468 1701 605 1766 Athenis
629 1701 749 1785 fuerat,
773 1701 827 1786 qui
850 1701 934 1764 hanc
959 1699 1138 1783 mouerat,

23 1812 31 1827 “
129 1805 179 1871 Vt
198 1807 226 1870 is
248 1807 312 1873 hoc
336 1807 469 1872 ueniret.
505 1805 533 1870 is
557 1829 623 1871 non
647 1807 770 1891 spreuit
791 1807 953 1871 nontium:

128 1911 215 1977 Nam
240 1917 273 1978 et
295 1915 386 1978 ue'nit
408 1915 435 1979 is
460 1917 493 1979 et
514 1914 549 1978 in
572 1916 730 1997 proxumo
753 1914 805 1978 hic
828 1913 1008 1977 demittitur

128 2020 228 2104 Apud
249 2029 421 2105 paternum
446 2043 537 2086 suom
561 2020 737 2105 hospitem,
761 2020 903 2104 lepidum
927 2041 1044 2085 senem.

128 2125 226 2211 Isque
247 2124 299 2190 illi
323 2128 447 2193 amanti
471 2151 529 2193 suo
553 2127 677 2211 hospiti
700 2130 824 2192 marom
847 2126 931 2212 gerit

127 2233 262 2318 Nosque
286 2236 384 2318 opera
407 2234 606 2318 consilioque
631 2233 822 2298 adhortatur
849 2234 950 2297 iuuat.

126 2339 243 2425 Itaque
266 2342 327 2427 ogo
352 2341 466 2424 paraui
490 2341 544 2405 hic
567 2338 654 2405 intus
678 2362 813 2425 magnas
837 2338 1016 2422 machinas,

26 2443 29 2448 ’
129 2444 194 2522 Qui
217 2447 358 2512 amantis
382 2470 447 2512 una
469 2448 555 2512 intor
579 2469 612 2511 se
636 2447 775 2512 facerem
799 2447 970 2511 conuenas.

127 2549 215 2616 Nam
238 2557 339 2616 umim
362 2554 519 2618 conclaue
538 2553 736 2619 concubinae
760 2552 844 2636 quod
869 2551 957 2616 dedit

19 2710 22 2714 .
127 2657 237 2743 Miles,
260 2682 324 2743 quo
347 2682 441 2724 nemo
465 2658 529 2724 nisi
553 2682 648 2744 eapse
673 2660 807 2724 inferre't
830 2659 957 2742 pedem,

127 2765 168 2830 In
191 2766 228 2829 eo
253 2766 422 2831 conclauid
446 2769 506 2853 e'go
529 2767 657 2851 perfodi
680 2767 849 2852 parietem,

129 2869 201 2947 Qua
224 2875 423 2938 commeatus
447 2875 531 2938 elam
556 2877 642 2938 esset
663 2874 740 2939 hinc
763 2874 826 2938 huc
850 2873 985 2938 molieri.

127 2977 174 3042 nt
197 2962 272 3042 saie
296 2980 416 3045 sciente
440 2981 503 3046 hoc
525 2981 600 3046 faa
623 2981 652 3044 a
677 2981 848 3046 consiliam
874 2979 968 3044 aeas

127 3083 214 3150 Nam
238 3088 327 3150 mous
352 3070 526 3152 conseruos
549 3090 599 3152 ost
622 3087 718 3151 horno
742 3087 824 3151 haut
846 3085 959 3171 magni
979 3088 1077 3171 preti,
1224 3104 1273 3153 145

128 3191 232 3269 Quem
255 3194 451 3258 concubinae
475 3192 569 3257 miles
593 3193 758 3258 custodem
783 3193 914 3257 addidit.

127 3300 169 3371 Ei
191 3302 252 3364 nos
275 3299 387 3364 facetis
410 3300 543 3364 fabricis
567 3303 600 3364 et
623 3298 726 3364 doctis
750 3300 834 3364 dalis

129 3404 342 3471 Glaucumam
367 3408 407 3471 ob
432 3409 542 3472 oeulos
567 3406 743 3472 obiciemus
768 3412 903 3494 eumque
927 3411 973 3473 ita

129 3550 191 3558 .—

129 3640 188 3688 121.
211 3634 327 3704 p'quam
345 3635 388 3702 B,
409 3636 428 3688 i.
448 3652 468 3689 e.
488 3653 638 3704 posquam,
661 3641 693 3689 at
713 3641 765 3689 124
784 3637 840 3690 OD
857 3637 956 3692 babeat
1029 3644 1079 3692 132
1102 3639 1134 3692 a'a
1157 3643 1213 3691 tara
1236 3638 1273 3692 to-

126 3716 210 3784 qaaea'
227 3716 315 3784 inepti
332 3722 357 3770 et
374 3719 547 3786 repetitiones
562 3717 673 3770 minime
686 3717 801 3771 uitantis
814 3724 911 3786 poetae
924 3721 1085 3774 narratione
1099 3737 1159 3774 cara
1175 3718 1274 3774 Gateto

127 3796 213 3850 delere
234 3811 291 3849 aaa
312 3797 416 3863 auam,
439 3799 488 3866 qai
505 3798 536 3850 ia
557 3795 661 3850 Plauto
678 3813 763 3864 aeque
780 3797 845 3851 haee
863 3815 947 3868 aeque
965 3800 1024 3854 alia
1042 3800 1191 3854 tolerarem.

128 3899 187 3947 133.
211 3877 338 3947 nontium
357 3895 387 3947 D
404 3893 533 3948 nuntium
553 3914 575 3961 φ
667 3898 726 3948 134.
750 3894 829 3949 uenit
849 3895 872 3949 is
895 3899 925 3952 et
941 3897 969 3950 R
987 3898 1066 3952 uenit
1089 3898 1118 3952 et
1139 3897 1163 3951 is
1181 3898 1272 3964 BcD,

127 3974 206 4027 caiae
228 3974 413 4029 collocationis
436 3975 535 4028 idonea
557 3977 679 4044 exempla
701 3977 829 4031 desidero,
867 3976 987 4031 uenietis
1005 3978 1057 4032 Ba
1075 3978 1154 4032 uenit
1172 3977 1231 4032 eius
1252 3978 1275 4032 0

200 4058 259 4108 136.
283 4055 366 4122 lsque
390 4055 462 4108 inter
485 4055 543 4108 alia
559 4057 705 4123 proposuit
725 4056 877 4130 Maetteras
890 4058 1001 4125 prosod.
1021 4064 1081 4111 327.
1120 4060 1217 4127 Itaque
1237 4080 1272 4114 a:

125 4133 265 4187 aberraret
278 4135 410 4188 librerias
424 4135 462 4187 ad
471 4151 495 4187 a.
508 4140 566 4187 138.
624 4141 683 4189 147.
698 4136 801 4207 doctis]
812 4135 833 4187 F
844 4179 849 4188 .
862 4179 867 4191 .
880 4179 885 4189 .
898 4179 903 4190 .
915 4136 933 4189 S
944 4137 984 4190 A:
994 4138 1088 4206 postF
1099 4137 1225 4192 Loewias
1235 4140 1272 4192 Rl

124 4215 283 4284 diprroseere
304 4215 386 4284 quasi
403 4230 456 4283 per
477 4217 600 4270 tenebras
622 4218 676 4270 sibi
699 4217 775 4270 uisas
793 4222 832 4269 est
852 4219 1024 4285 sequentibus
1042 4218 1150 4271 daubus
1174 4219 1272 4271 titteris

120 4296 208 4364 plane
230 4290 366 4362 obductis,
395 4300 511 4348 ceteram
534 4296 606 4350 fiatis
629 4298 721 4350 miras
745 4296 808 4349 beae
833 4297 971 4365 quadrare
996 4298 1152 4350 videbator:
1179 4296 1269 4353 doctis

126 4374 329 4429 adlitterate'oae
347 4376 511 4441 defenditur.
926 4401 929 4407 ·
