3038 4956
142 278 170 330 Il
189 282 214 343 2,
233 285 320 332 9-21
548 279 657 334 Minus
677 279 880 336 GLORIOSVS

634 443 807 497 Parnassum,

235 529 307 596 Eho
332 554 374 597 an
398 531 519 598 dormit
542 531 709 598 Sceledrus
734 531 846 598 inlus?

668 655 769 709 Lvnmo

873 728 947 794 Non
970 732 1051 794 nasd
1072 730 1217 815 quidem:
1240 726 1305 796 819'

235 814 320 881 Nam
345 839 382 882 eo
406 819 561 904 magnum
585 820 713 884 elamat.

635 940 804 995 Psannsrnro

746 1031 869 1117 Tetigit
891 1033 1023 1097 calicem
1047 1033 1249 1099 eldneulum‘?

204 1228 219 1243 ἡ
236 1135 448 1221 Deprdmpsii
470 1139 598 1202 nardini
623 1139 814 1223 amphoram
837 1139 1009 1204 cellerius?

235 1243 308 1309 Eho
333 1248 384 1330 td,
408 1247 555 1329 sceleste,
579 1245 633 1329 qui
657 1244 708 1309 ssli
732 1247 949 1329 suppromri's!

668 1367 770 1423 Lvaoro

968 1442 1054 1508 Eho!

236 1528 320 1605 Quid
343 1528 436 1595 uis?-

634 1619 803 1673 Pensnsrruo

440 1708 523 1785 Quid
546 1710 718 1774 lubitumst
740 1709 791 1774 illi
815 1709 1092 1775 condormiseere‘?

669 1831 770 1886 Lvncro
795 1880 797 1884 ,

202 1913 205 1920 ’
236 1902 358 1989 Oculis,
382 1905 506 1990 opinor.

638 2003 806 2056 Psnsssnnro

527 2092 600 2159 Non
626 2099 657 2159 ie
681 2095 766 2158 istuc
788 2094 910 2179 regite,
933 2094 1047 2159 scelus.

184 2251 187 2256 .
239 2196 376 2265 Procede
399 2201 474 2266 huo:
497 2202 564 2266 iam
587 2201 727 2286 periisti,
749 2202 814 2266 nisi
839 2207 950 2266 uerum
975 2203 1049 2267 soie.
1243 2221 1294 2268 aaa

236 2305 432 2392 Prompsisti
455 2312 491 2373 tu
513 2309 563 2373 illi
586 2306 720 2375 uinum?

670 2431 772 2486 Lvao1o

746 2522 823 2588 Non
846 2523 1003 2608 prompsi.

638 2647 806 2700 Psnsnsrsio

1020 2720 1152 2806 Negas?

669 2805 772 2860 Lvncro

236 2897 328 2982 Nego
352 2897 459 2961 hercle
482 2919 574 2962 uero:
597 2919 673 2961 nam
696 2897 754 2961 ille
778 2919 830 2961 me
853 2900 960 2962 uotuil
984 2898 1097 2965 dicere.

236 3005 347 3089 Neque
372 3003 520 3090 equidem
542 3003 689 3068 heminas
714 3005 786 3069 dcto
811 3006 997 3089 exprompsi
1020 3008 1054 3070 in
1078 3012 1220 3093 urceum,
1287 2998 1289 3002 ¹

235 3111 348 3195 Neque
370 3109 426 3175 ille
450 3110 590 3176 calidum
613 3111 689 3174 hine
713 3111 836 3176 exbibit
858 3113 893 3176 in
916 3114 1095 3196 prandium.

639 3233 807 3287 Psaansrruo

236 3306 350 3393 Neque
373 3311 409 3371 ts
432 3306 565 3373 bibisli‘l

671 3410 773 3465 Lvac1o

592 3501 638 3567 Di
657 3525 708 3568 me
732 3503 870 3587 perdant
893 3502 924 3568 si
944 3505 1026 3589 bibi,
1245 3525 1297 3574 830

239 3610 274 3676 si
296 3607 408 3675 bibere
431 3609 532 3693 potui.

639 3715 809 3769 Prinassum

557 3805 641 3884 Quid
664 3807 752 3876 iam‘l

148 4012 281 4081 apoduein
305 4011 484 4080 Ritsebeiius,
512 4013 558 4066 sed
585 4029 644 4066 eam
669 4012 785 4078 sortasse
808 4011 1006 4066 Palaestrionis
1028 4029 1147 4068 sumone
1171 4016 1298 4070 abscindi

147 4093 270 4147 uoluunt
292 4099 395 4148 auctor.
435 4091 510 4147 Certe
533 4110 566 4147 ne
589 4093 621 4145 in
639 4092 666 4145 A
684 4092 792 4161 quidem
814 4093 886 4146 inter
908 4109 932 4146 u.
952 4097 1004 4145 818
1028 4099 1054 4147 et
1072 4099 1123 4147 819
1147 4096 1297 4163 quidquam

148 4178 230 4227 estat.
323 4177 375 4227 819
399 4174 480 4227 etiam
503 4175 534 4227 in
552 4174 579 4227 A
601 4174 700 4242 innubit
720 4187 799 4226 ΕΗ-
880 4178 932 4226 820
946 4189 983 4241 sq.
1008 4174 1199 4244 interroyaudi
1216 4176 1298 4246 siano

145 4251 236 4320 posui.
305 4257 366 4307 822.
386 4253 439 4308 eho
454 4255 485 4307 in
499 4260 616 4308 extremo
630 4271 709 4308 uersu
722 4253 858 4308 Larcioni
872 4255 998 4323 aunensi,
1017 4255 1066 4324 qni
1081 4254 1296 4310 Palaestrionem

148 4332 283 4388 imitando
302 4335 414 4389 deludit.
502 4341 561 4389 823.
581 4349 653 4398 Qun)
671 4333 889 4388 instrumentalis
907 4340 971 4388 ante
988 4333 1138 4388 lubitumst
1156 4334 1211 4403 Αφ

149 4419 209 4468 829.
228 4413 294 4467 hinc
312 4414 340 4467 R
358 4415 405 4469 hic
424 4436 445 4468 ω
