<?xml version="1.0" encoding="UTF-8"?>
<!DOCTYPE html PUBLIC "-//W3C//DTD XHTML 1.0 Transitional//EN"
    "http://www.w3.org/TR/xhtml1/DTD/xhtml1-transitional.dtd">
<html xmlns="http://www.w3.org/1999/xhtml" xml:lang="en" lang="en">
 <head>
  <title>
</title>
<meta http-equiv="Content-Type" content="text/html;charset=utf-8" />
  <meta name='ocr-system' content='tesseract 3.04.00' />
  <meta name='ocr-capabilities' content='ocr_page ocr_carea ocr_par ocr_line ocrx_word'/>
</head>
<body>
  <div class='ocr_page' id='page_1' title='image "./tmacciplautimil00plaugoog_0014.png"; bbox 0 0 3038 4956; ppageno 0'>
   <div class='ocr_carea' id='block_1_1' title="bbox 184 246 963 344">
    <p class='ocr_par' dir='ltr' id='par_1_1' title="bbox 184 246 963 344">
     <span class='ocr_line' id='line_1_1' title="bbox 184 246 963 344; baseline -0.003 0"><span class='ocrx_word' id='word_1_1' title='bbox 184 288 222 344; x_wconf 85' lang='lat' dir='ltr'>vr</span> <span class='ocrx_word' id='word_1_2' title='bbox 650 288 864 344; x_wconf 73' lang='lat' dir='ltr'>Parasino.</span> <span class='ocrx_word' id='word_1_3' title='bbox 960 246 963 251; x_wconf 38' lang='lat'>¹</span> 
     </span>
    </p>
   </div>
   <div class='ocr_carea' id='block_1_2' title="bbox 182 451 1330 2567">
    <p class='ocr_par' dir='ltr' id='par_1_2' title="bbox 182 451 1330 2567">
     <span class='ocr_line' id='line_1_2' title="bbox 188 451 1330 537; baseline 0.001 -22"><span class='ocrx_word' id='word_1_4' title='bbox 188 453 323 517; x_wconf 87' lang='lat' dir='ltr'>missum</span> <span class='ocrx_word' id='word_1_5' title='bbox 343 452 456 517; x_wconf 89' lang='lat' dir='ltr'>sedulo</span> <span class='ocrx_word' id='word_1_6' title='bbox 475 452 680 535; x_wconf 83' lang='lat' dir='ltr'><strong>perlustravi.</strong></span> <span class='ocrx_word' id='word_1_7' title='bbox 712 451 825 537; x_wconf 88' lang='lat' dir='ltr'>Neque</span> <span class='ocrx_word' id='word_1_8' title='bbox 840 455 948 516; x_wconf 90' lang='lat' dir='ltr'>tamen</span> <span class='ocrx_word' id='word_1_9' title='bbox 962 451 1085 517; x_wconf 87' lang='lat' dir='ltr'>horreis</span> <span class='ocrx_word' id='word_1_10' title='bbox 1100 451 1206 537; x_wconf 90' lang='lat' dir='ltr'>plenis</span> <span class='ocrx_word' id='word_1_11' title='bbox 1221 453 1330 516; x_wconf 86' lang='lat' dir='ltr'>effusis</span> 
     </span>
     <span class='ocr_line' id='line_1_3' title="bbox 186 559 1329 644; baseline 0.001 -22"><span class='ocrx_word' id='word_1_12' title='bbox 186 580 297 623; x_wconf 91' lang='lat' dir='ltr'>eorum</span> <span class='ocrx_word' id='word_1_13' title='bbox 316 559 443 624; x_wconf 89' lang='lat' dir='ltr'>laudem</span> <span class='ocrx_word' id='word_1_14' title='bbox 458 560 640 643; x_wconf 83' lang='lat' dir='ltr'>praeripere</span> <span class='ocrx_word' id='word_1_15' title='bbox 654 559 750 642; x_wconf 88' lang='lat' dir='ltr'>volui,</span> <span class='ocrx_word' id='word_1_16' title='bbox 770 561 824 644; x_wconf 91' lang='lat' dir='ltr'>qui</span> <span class='ocrx_word' id='word_1_17' title='bbox 839 559 983 624; x_wconf 88' lang='lat' dir='ltr'>incohati</span> <span class='ocrx_word' id='word_1_18' title='bbox 998 582 1017 623; x_wconf 93' lang='lat' dir='ltr'>a</span> <span class='ocrx_word' id='word_1_19' title='bbox 1031 559 1207 624; x_wconf 89' lang='lat' dir='ltr'>Ritschelio</span> <span class='ocrx_word' id='word_1_20' title='bbox 1223 560 1329 643; x_wconf 90' lang='lat' dir='ltr'>operis</span> 
     </span>
     <span class='ocr_line' id='line_1_4' title="bbox 185 664 1329 749; baseline 0.002 -21"><span class='ocrx_word' id='word_1_21' title='bbox 185 664 381 749; x_wconf 76' lang='lat' dir='ltr'>perfectores</span> <span class='ocrx_word' id='word_1_22' title='bbox 409 665 511 749; x_wconf 90' lang='lat' dir='ltr'>ipsius</span> <span class='ocrx_word' id='word_1_23' title='bbox 538 665 598 729; x_wconf 92' lang='lat' dir='ltr'>viri</span> <span class='ocrx_word' id='word_1_24' title='bbox 622 665 807 731; x_wconf 90' lang='lat' dir='ltr'>inmortalis</span> <span class='ocrx_word' id='word_1_25' title='bbox 831 667 1022 731; x_wconf 90' lang='lat' dir='ltr'>auctoritate</span> <span class='ocrx_word' id='word_1_26' title='bbox 1046 667 1214 731; x_wconf 89' lang='lat' dir='ltr'>constituti</span> <span class='ocrx_word' id='word_1_27' title='bbox 1238 671 1329 749; x_wconf 82' lang='lat' dir='ltr'>sunt3</span> 
     </span>
     <span class='ocr_line' id='line_1_5' title="bbox 185 772 1330 858; baseline -0.001 -21"><span class='ocrx_word' id='word_1_28' title='bbox 185 772 239 837; x_wconf 89' lang='lat' dir='ltr'>sed</span> <span class='ocrx_word' id='word_1_29' title='bbox 269 773 307 836; x_wconf 89' lang='lat' dir='ltr'>de</span> <span class='ocrx_word' id='word_1_30' title='bbox 336 773 381 837; x_wconf 91' lang='lat' dir='ltr'>eis</span> <span class='ocrx_word' id='word_1_31' title='bbox 409 775 537 837; x_wconf 90' lang='lat' dir='ltr'>tantum</span> <span class='ocrx_word' id='word_1_32' title='bbox 567 773 646 838; x_wconf 91' lang='lat' dir='ltr'>locis</span> <span class='ocrx_word' id='word_1_33' title='bbox 673 772 839 856; x_wconf 80' lang='lat' dir='ltr'><strong>adnotavi,</strong></span> <span class='ocrx_word' id='word_1_34' title='bbox 867 773 922 838; x_wconf 90' lang='lat' dir='ltr'>ubi</span> <span class='ocrx_word' id='word_1_35' title='bbox 946 778 1002 838; x_wconf 90' lang='lat' dir='ltr'>aut</span> <span class='ocrx_word' id='word_1_36' title='bbox 1025 796 1045 837; x_wconf 90' lang='lat' dir='ltr'>a</span> <span class='ocrx_word' id='word_1_37' title='bbox 1067 775 1199 858; x_wconf 85' lang='lat' dir='ltr'>vulgato</span> <span class='ocrx_word' id='word_1_38' title='bbox 1224 773 1330 857; x_wconf 91' lang='lat' dir='ltr'>qualis</span> 
     </span>
     <span class='ocr_line' id='line_1_6' title="bbox 186 877 1329 962; baseline -0.002 -18"><span class='ocrx_word' id='word_1_39' title='bbox 186 903 272 944; x_wconf 88' lang='lat' dir='ltr'>nunc</span> <span class='ocrx_word' id='word_1_40' title='bbox 290 878 358 944; x_wconf 90' lang='lat' dir='ltr'>fere</span> <span class='ocrx_word' id='word_1_41' title='bbox 377 880 411 943; x_wconf 91' lang='lat' dir='ltr'>in</span> <span class='ocrx_word' id='word_1_42' title='bbox 424 877 529 943; x_wconf 86' lang='lat' dir='ltr'>Brixii</span> <span class='ocrx_word' id='word_1_43' title='bbox 550 879 786 962; x_wconf 85' lang='lat' dir='ltr'>exemplaribus</span> <span class='ocrx_word' id='word_1_44' title='bbox 806 879 987 944; x_wconf 72' lang='lat' dir='ltr'><strong>utilissimis</strong></span> <span class='ocrx_word' id='word_1_45' title='bbox 1001 880 1225 945; x_wconf 77' lang='lat' dir='ltr'>circumfertur</span> <span class='ocrx_word' id='word_1_46' title='bbox 1238 882 1329 943; x_wconf 85' lang='lat' dir='ltr'>textu</span> 
     </span>
     <span class='ocr_line' id='line_1_7' title="bbox 184 985 1329 1070; baseline -0.001 -19"><span class='ocrx_word' id='word_1_47' title='bbox 184 985 395 1051; x_wconf 90' lang='lat' dir='ltr'>recedendum</span> <span class='ocrx_word' id='word_1_48' title='bbox 419 985 500 1049; x_wconf 87' lang='lat' dir='ltr'>mihi</span> <span class='ocrx_word' id='word_1_49' title='bbox 525 1006 593 1050; x_wconf 88' lang='lat' dir='ltr'>esse</span> <span class='ocrx_word' id='word_1_50' title='bbox 621 986 820 1070; x_wconf 73' lang='lat' dir='ltr'>putavissem</span> <span class='ocrx_word' id='word_1_51' title='bbox 844 990 901 1050; x_wconf 90' lang='lat' dir='ltr'>aut</span> <span class='ocrx_word' id='word_1_52' title='bbox 924 986 979 1050; x_wconf 90' lang='lat' dir='ltr'>ubi</span> <span class='ocrx_word' id='word_1_53' title='bbox 1001 986 1140 1069; x_wconf 89' lang='lat' dir='ltr'>probata</span> <span class='ocrx_word' id='word_1_54' title='bbox 1163 986 1329 1070; x_wconf 82' lang='lat' dir='ltr'>incognito</span> 
     </span>
     <span class='ocr_line' id='line_1_8' title="bbox 184 1092 1330 1158; baseline -0.003 -1"><span class='ocrx_word' id='word_1_55' title='bbox 184 1094 288 1158; x_wconf 89' lang='lat' dir='ltr'>adhuc</span> <span class='ocrx_word' id='word_1_56' title='bbox 317 1095 384 1157; x_wconf 90' lang='lat' dir='ltr'>sive</span> <span class='ocrx_word' id='word_1_57' title='bbox 412 1093 610 1157; x_wconf 88' lang='lat' dir='ltr'>accuratiore</span> <span class='ocrx_word' id='word_1_58' title='bbox 637 1095 785 1158; x_wconf 85' lang='lat' dir='ltr'>vetustae</span> <span class='ocrx_word' id='word_1_59' title='bbox 813 1092 986 1158; x_wconf 90' lang='lat' dir='ltr'>memoriae</span> <span class='ocrx_word' id='word_1_60' title='bbox 1010 1092 1198 1157; x_wconf 90' lang='lat' dir='ltr'>testimonio</span> <span class='ocrx_word' id='word_1_61' title='bbox 1221 1093 1330 1155; x_wconf 89' lang='lat' dir='ltr'>firma·</span> 
     </span>
     <span class='ocr_line' id='line_1_9' title="bbox 184 1198 1329 1284; baseline -0.002 -21"><span class='ocrx_word' id='word_1_62' title='bbox 184 1205 305 1264; x_wconf 89' lang='lat' dir='ltr'>rentur.</span> <span class='ocrx_word' id='word_1_63' title='bbox 343 1198 455 1284; x_wconf 89' lang='lat' dir='ltr'>Neque</span> <span class='ocrx_word' id='word_1_64' title='bbox 470 1199 606 1264; x_wconf 90' lang='lat' dir='ltr'>aliorum</span> <span class='ocrx_word' id='word_1_65' title='bbox 622 1200 763 1264; x_wconf 89' lang='lat' dir='ltr'>virorum</span> <span class='ocrx_word' id='word_1_66' title='bbox 779 1200 946 1264; x_wconf 89' lang='lat' dir='ltr'>doctorum</span> <span class='ocrx_word' id='word_1_67' title='bbox 961 1198 1162 1282; x_wconf 88' lang='lat' dir='ltr'>coniecturis,</span> <span class='ocrx_word' id='word_1_68' title='bbox 1182 1198 1329 1282; x_wconf 87' lang='lat' dir='ltr'>quamvis</span> 
     </span>
     <span class='ocr_line' id='line_1_10' title="bbox 186 1305 1329 1390; baseline -0.003 -20"><span class='ocrx_word' id='word_1_69' title='bbox 186 1308 354 1390; x_wconf 88' lang='lat' dir='ltr'>plerasque</span> <span class='ocrx_word' id='word_1_70' title='bbox 374 1326 484 1369; x_wconf 86' lang='lat' dir='ltr'>omnes</span> <span class='ocrx_word' id='word_1_71' title='bbox 504 1306 705 1390; x_wconf 88' lang='lat' dir='ltr'>inpromptu</span> <span class='ocrx_word' id='word_1_72' title='bbox 720 1306 882 1388; x_wconf 89' lang='lat' dir='ltr'>haberem,</span> <span class='ocrx_word' id='word_1_73' title='bbox 902 1327 1034 1370; x_wconf 89' lang='lat' dir='ltr'>onerare</span> <span class='ocrx_word' id='word_1_74' title='bbox 1050 1305 1225 1370; x_wconf 87' lang='lat' dir='ltr'>sarcinulas</span> <span class='ocrx_word' id='word_1_75' title='bbox 1240 1326 1329 1368; x_wconf 89' lang='lat' dir='ltr'>meas</span> 
     </span>
     <span class='ocr_line' id='line_1_11' title="bbox 184 1411 1329 1497; baseline -0.001 -21"><span class='ocrx_word' id='word_1_76' title='bbox 184 1413 218 1477; x_wconf 93' lang='lat' dir='ltr'>in</span> <span class='ocrx_word' id='word_1_77' title='bbox 238 1412 346 1477; x_wconf 92' lang='lat' dir='ltr'>animo</span> <span class='ocrx_word' id='word_1_78' title='bbox 365 1411 436 1494; x_wconf 85' lang='lat' dir='ltr'>fuit,</span> <span class='ocrx_word' id='word_1_79' title='bbox 460 1413 515 1497; x_wconf 90' lang='lat' dir='ltr'>qui</span> <span class='ocrx_word' id='word_1_80' title='bbox 535 1412 614 1476; x_wconf 87' lang='lat' dir='ltr'>satis</span> <span class='ocrx_word' id='word_1_81' title='bbox 635 1412 801 1476; x_wconf 88' lang='lat' dir='ltr'>habuerim</span> <span class='ocrx_word' id='word_1_82' title='bbox 826 1412 876 1476; x_wconf 91' lang='lat' dir='ltr'>vel</span> <span class='ocrx_word' id='word_1_83' title='bbox 896 1412 1022 1496; x_wconf 86' lang='lat' dir='ltr'>iniuria,</span> <span class='ocrx_word' id='word_1_84' title='bbox 1045 1417 1082 1477; x_wconf 90' lang='lat' dir='ltr'>ut</span> <span class='ocrx_word' id='word_1_85' title='bbox 1101 1411 1180 1476; x_wconf 91' lang='lat' dir='ltr'>mihi</span> <span class='ocrx_word' id='word_1_86' title='bbox 1200 1411 1329 1496; x_wconf 91' lang='lat' dir='ltr'>quidem</span> 
     </span>
     <span class='ocr_line' id='line_1_12' title="bbox 182 1518 1330 1604; baseline -0.002 -20"><span class='ocrx_word' id='word_1_87' title='bbox 182 1519 361 1604; x_wconf 79' lang='lat' dir='ltr'>videbatur,</span> <span class='ocrx_word' id='word_1_88' title='bbox 384 1520 424 1584; x_wconf 91' lang='lat' dir='ltr'>ab</span> <span class='ocrx_word' id='word_1_89' title='bbox 450 1518 521 1583; x_wconf 88' lang='lat' dir='ltr'>aliis</span> <span class='ocrx_word' id='word_1_90' title='bbox 545 1524 669 1603; x_wconf 87' lang='lat' dir='ltr'>spretas</span> <span class='ocrx_word' id='word_1_91' title='bbox 689 1520 851 1584; x_wconf 88' lang='lat' dir='ltr'>vindicare</span> <span class='ocrx_word' id='word_1_92' title='bbox 870 1519 921 1584; x_wconf 85' lang='lat' dir='ltr'>vel</span> <span class='ocrx_word' id='word_1_93' title='bbox 941 1520 968 1583; x_wconf 93' lang='lat' dir='ltr'>si</span> <span class='ocrx_word' id='word_1_94' title='bbox 989 1541 1070 1604; x_wconf 90' lang='lat' dir='ltr'>quae</span> <span class='ocrx_word' id='word_1_95' title='bbox 1088 1542 1127 1583; x_wconf 87' lang='lat' dir='ltr'>ex</span> <span class='ocrx_word' id='word_1_96' title='bbox 1145 1519 1330 1584; x_wconf 85' lang='lat' dir='ltr'>novissimis</span> 
     </span>
     <span class='ocr_line' id='line_1_13' title="bbox 183 1625 1330 1711; baseline -0.003 -20"><span class='ocrx_word' id='word_1_97' title='bbox 183 1628 250 1691; x_wconf 87' lang='lat' dir='ltr'>sive</span> <span class='ocrx_word' id='word_1_98' title='bbox 270 1648 307 1691; x_wconf 85' lang='lat' dir='ltr'>ex</span> <span class='ocrx_word' id='word_1_99' title='bbox 326 1626 487 1690; x_wconf 88' lang='lat' dir='ltr'>veteribus</span> <span class='ocrx_word' id='word_1_100' title='bbox 507 1647 706 1711; x_wconf 90' lang='lat' dir='ltr'>quacumque</span> <span class='ocrx_word' id='word_1_101' title='bbox 725 1627 763 1690; x_wconf 85' lang='lat' dir='ltr'>de</span> <span class='ocrx_word' id='word_1_102' title='bbox 785 1648 882 1690; x_wconf 89' lang='lat' dir='ltr'>causa</span> <span class='ocrx_word' id='word_1_103' title='bbox 896 1626 1121 1691; x_wconf 86' lang='lat' dir='ltr'>memorabiles</span> <span class='ocrx_word' id='word_1_104' title='bbox 1136 1625 1330 1707; x_wconf 85' lang='lat' dir='ltr'>viderentur,</span> 
     </span>
     <span class='ocr_line' id='line_1_14' title="bbox 183 1718 1329 1817; baseline -0.003 -20"><span class='ocrx_word' id='word_1_105' title='bbox 183 1732 342 1798; x_wconf 83' lang='lat' dir='ltr'>exhibere.</span> <span class='ocrx_word' id='word_1_106' title='bbox 397 1731 487 1795; x_wconf 89' lang='lat' dir='ltr'>Meas</span> <span class='ocrx_word' id='word_1_107' title='bbox 516 1731 584 1815; x_wconf 87' lang='lat' dir='ltr'>ipse</span> <span class='ocrx_word' id='word_1_108' title='bbox 609 1718 807 1816; x_wconf 87' lang='lat' dir='ltr'>suspiciones</span> <span class='ocrx_word' id='word_1_109' title='bbox 836 1732 957 1817; x_wconf 89' lang='lat' dir='ltr'>partim</span> <span class='ocrx_word' id='word_1_110' title='bbox 986 1731 1020 1795; x_wconf 91' lang='lat' dir='ltr'>in</span> <span class='ocrx_word' id='word_1_111' title='bbox 1047 1730 1151 1796; x_wconf 90' lang='lat' dir='ltr'>Musei</span> <span class='ocrx_word' id='word_1_112' title='bbox 1179 1731 1329 1796; x_wconf 84' lang='lat' dir='ltr'>Rhenani</span> 
     </span>
     <span class='ocr_line' id='line_1_15' title="bbox 182 1837 1328 1923; baseline -0.002 -19"><span class='ocrx_word' id='word_1_113' title='bbox 182 1839 400 1905; x_wconf 89' lang='lat' dir='ltr'>voluminibus</span> <span class='ocrx_word' id='word_1_114' title='bbox 433 1838 505 1903; x_wconf 93' lang='lat' dir='ltr'>XIl.</span> <span class='ocrx_word' id='word_1_115' title='bbox 537 1837 654 1903; x_wconf 87' lang='lat' dir='ltr'>XXIX.</span> <span class='ocrx_word' id='word_1_116' title='bbox 687 1838 830 1904; x_wconf 91' lang='lat' dir='ltr'>XXXVI</span> <span class='ocrx_word' id='word_1_117' title='bbox 867 1839 1004 1923; x_wconf 87' lang='lat' dir='ltr'>aliisque</span> <span class='ocrx_word' id='word_1_118' title='bbox 1041 1838 1121 1903; x_wconf 92' lang='lat' dir='ltr'>locis</span> <span class='ocrx_word' id='word_1_119' title='bbox 1158 1838 1328 1902; x_wconf 87' lang='lat' dir='ltr'>defendere</span> 
     </span>
     <span class='ocr_line' id='line_1_16' title="bbox 183 1945 1329 2030; baseline -0.003 -19"><span class='ocrx_word' id='word_1_120' title='bbox 183 1947 292 2012; x_wconf 89' lang='lat' dir='ltr'>studui</span> <span class='ocrx_word' id='word_1_121' title='bbox 311 1946 431 2030; x_wconf 89' lang='lat' dir='ltr'>partim</span> <span class='ocrx_word' id='word_1_122' title='bbox 451 1945 638 2010; x_wconf 90' lang='lat' dir='ltr'>brevissime</span> <span class='ocrx_word' id='word_1_123' title='bbox 654 1946 781 2030; x_wconf 90' lang='lat' dir='ltr'>quidem</span> <span class='ocrx_word' id='word_1_124' title='bbox 800 1947 834 2010; x_wconf 90' lang='lat' dir='ltr'>in</span> <span class='ocrx_word' id='word_1_125' title='bbox 848 1945 942 2010; x_wconf 87' lang='lat' dir='ltr'>huius</span> <span class='ocrx_word' id='word_1_126' title='bbox 958 1945 1108 2010; x_wconf 87' lang='lat' dir='ltr'>editionis</span> <span class='ocrx_word' id='word_1_127' title='bbox 1128 1945 1329 2030; x_wconf 84' lang='lat' dir='ltr'>marginibus</span> 
     </span>
     <span class='ocr_line' id='line_1_17' title="bbox 183 2051 1330 2137; baseline -0.002 -19"><span class='ocrx_word' id='word_1_128' title='bbox 183 2053 339 2118; x_wconf 85' lang='lat' dir='ltr'>enarravi.</span> <span class='ocrx_word' id='word_1_129' title='bbox 389 2052 475 2118; x_wconf 91' lang='lat' dir='ltr'>Nam</span> <span class='ocrx_word' id='word_1_130' title='bbox 508 2053 731 2118; x_wconf 90' lang='lat' dir='ltr'>commentarii</span> <span class='ocrx_word' id='word_1_131' title='bbox 764 2052 868 2116; x_wconf 92' lang='lat' dir='ltr'>instar</span> <span class='ocrx_word' id='word_1_132' title='bbox 895 2052 1120 2137; x_wconf 84' lang='lat' dir='ltr'>interpretatio</span> <span class='ocrx_word' id='word_1_133' title='bbox 1147 2051 1330 2134; x_wconf 81' lang='lat' dir='ltr'>vernacula,</span> 
     </span>
     <span class='ocr_line' id='line_1_18' title="bbox 183 2158 1329 2244; baseline -0.003 -19"><span class='ocrx_word' id='word_1_134' title='bbox 183 2162 256 2244; x_wconf 87' lang='lat' dir='ltr'>plus</span> <span class='ocrx_word' id='word_1_135' title='bbox 286 2160 384 2225; x_wconf 87' lang='lat' dir='ltr'>semel</span> <span class='ocrx_word' id='word_1_136' title='bbox 413 2160 454 2223; x_wconf 93' lang='lat' dir='ltr'>ab</span> <span class='ocrx_word' id='word_1_137' title='bbox 485 2160 685 2225; x_wconf 88' lang='lat' dir='ltr'>auditoribus</span> <span class='ocrx_word' id='word_1_138' title='bbox 713 2162 749 2222; x_wconf 90' lang='lat' dir='ltr'>ut</span> <span class='ocrx_word' id='word_1_139' title='bbox 772 2158 894 2242; x_wconf 89' lang='lat' dir='ltr'>publici</span> <span class='ocrx_word' id='word_1_140' title='bbox 918 2158 998 2222; x_wconf 89' lang='lat' dir='ltr'>iuris</span> <span class='ocrx_word' id='word_1_141' title='bbox 1022 2160 1114 2223; x_wconf 89' lang='lat' dir='ltr'>fieret</span> <span class='ocrx_word' id='word_1_142' title='bbox 1141 2158 1329 2243; x_wconf 84' lang='lat' dir='ltr'>efflagitata,</span> 
     </span>
     <span class='ocr_line' id='line_1_19' title="bbox 184 2264 1329 2350; baseline -0.001 -20"><span class='ocrx_word' id='word_1_143' title='bbox 184 2288 201 2330; x_wconf 93' lang='lat' dir='ltr'>e</span> <span class='ocrx_word' id='word_1_144' title='bbox 225 2266 352 2331; x_wconf 88' lang='lat' dir='ltr'>scriniis</span> <span class='ocrx_word' id='word_1_145' title='bbox 382 2265 569 2350; x_wconf 92' lang='lat' dir='ltr'>propediem</span> <span class='ocrx_word' id='word_1_146' title='bbox 597 2264 753 2349; x_wconf 85' lang='lat' dir='ltr'>prodibit,</span> <span class='ocrx_word' id='word_1_147' title='bbox 782 2265 1108 2329; x_wconf 86' lang='lat' dir='ltr'>commentatiuncula</span> <span class='ocrx_word' id='word_1_148' title='bbox 1138 2264 1176 2328; x_wconf 91' lang='lat' dir='ltr'>de</span> <span class='ocrx_word' id='word_1_149' title='bbox 1199 2264 1329 2330; x_wconf 90' lang='lat' dir='ltr'>fabulae</span> 
     </span>
     <span class='ocr_line' id='line_1_20' title="bbox 182 2369 1328 2461; baseline -0.004 -24"><span class='ocrx_word' id='word_1_150' title='bbox 182 2374 329 2456; x_wconf 90' lang='lat' dir='ltr'>personis</span> <span class='ocrx_word' id='word_1_151' title='bbox 360 2377 393 2438; x_wconf 91' lang='lat' dir='ltr'>et</span> <span class='ocrx_word' id='word_1_152' title='bbox 423 2373 671 2461; x_wconf 85' lang='lat' dir='ltr'>compositione,</span> <span class='ocrx_word' id='word_1_153' title='bbox 704 2372 731 2435; x_wconf 90' lang='lat' dir='ltr'>si</span> <span class='ocrx_word' id='word_1_154' title='bbox 763 2370 795 2434; x_wconf 93' lang='lat' dir='ltr'>di</span> <span class='ocrx_word' id='word_1_155' title='bbox 828 2370 949 2455; x_wconf 86' lang='lat' dir='ltr'>volent,</span> <span class='ocrx_word' id='word_1_156' title='bbox 980 2371 1191 2456; x_wconf 90' lang='lat' dir='ltr'>praemunita.</span> <span class='ocrx_word' id='word_1_157' title='bbox 1247 2369 1328 2432; x_wconf 84' lang='lat' dir='ltr'>Tam</span> 
     </span>
     <span class='ocr_line' id='line_1_21' title="bbox 182 2478 1051 2567; baseline 0.001 -24"><span class='ocrx_word' id='word_1_158' title='bbox 182 2480 336 2567; x_wconf 86' lang='lat' dir='ltr'>nimirum</span> <span class='ocrx_word' id='word_1_159' title='bbox 360 2478 491 2544; x_wconf 89' lang='lat' dir='ltr'>difficile</span> <span class='ocrx_word' id='word_1_160' title='bbox 514 2482 564 2543; x_wconf 90' lang='lat' dir='ltr'>est</span> <span class='ocrx_word' id='word_1_161' title='bbox 586 2479 658 2543; x_wconf 91' lang='lat' dir='ltr'>vale</span> <span class='ocrx_word' id='word_1_162' title='bbox 682 2478 787 2543; x_wconf 90' lang='lat' dir='ltr'>dicere</span> <span class='ocrx_word' id='word_1_163' title='bbox 810 2478 913 2542; x_wconf 85' lang='lat' dir='ltr'>veteri</span> <span class='ocrx_word' id='word_1_164' title='bbox 937 2479 1051 2544; x_wconf 90' lang='lat' dir='ltr'>amico.</span> 
     </span>
    </p>
   </div>
   <div class='ocr_carea' id='block_1_3' title="bbox 342 2671 1237 2759">
    <p class='ocr_par' dir='ltr' id='par_1_3' title="bbox 342 2671 1237 2759">
     <span class='ocr_line' id='line_1_22' title="bbox 342 2671 1237 2759; baseline -0.003 -19"><span class='ocrx_word' id='word_1_165' title='bbox 342 2676 470 2741; x_wconf 89' lang='lat' dir='ltr'>Dabam</span> <span class='ocrx_word' id='word_1_166' title='bbox 492 2675 620 2759; x_wconf 86' lang='lat' dir='ltr'>Lipsiae</span> <span class='ocrx_word' id='word_1_167' title='bbox 643 2674 694 2739; x_wconf 90' lang='lat' dir='ltr'>die</span> <span class='ocrx_word' id='word_1_168' title='bbox 716 2674 818 2738; x_wconf 90' lang='lat' dir='ltr'>natali</span> <span class='ocrx_word' id='word_1_169' title='bbox 842 2695 869 2738; x_wconf 92' lang='lat' dir='ltr'>a.</span> <span class='ocrx_word' id='word_1_170' title='bbox 893 2671 1237 2740; x_wconf 79' lang='lat' dir='ltr'>OIOIOOCOLXXXI.</span> 
     </span>
    </p>
   </div>
   <div class='ocr_carea' id='block_1_4' title="bbox 0 0 1524 4956">
    <p class='ocr_par' dir='ltr' id='par_1_4' title="bbox 0 0 1524 4956">
     <span class='ocr_line' id='line_1_23' title="bbox 0 0 1524 4956; baseline 0 1"><span class='ocrx_word' id='word_1_171' title='bbox 0 0 1524 4956; x_wconf 95' lang='lat' dir='ltr'> </span> 
     </span>
    </p>
   </div>
  </div>
 </body>
</html>
