3038 4956
132 199 158 251 Il
179 205 204 267 2,
225 205 329 253 'lo—90
540 197 649 252 MILES
669 197 873 253 GLORIOSVS

590 358 825 414 Pnurrnnconuuvs

933 454 977 517 At
998 457 1031 518 te
1054 453 1203 538 Iuppiter

131 556 220 621 Bene
245 561 345 622 amet!
371 559 474 623 auden
498 561 693 644 participare
717 561 769 623 mc
793 559 877 643 quod
897 562 1132 625 commentu’s?

624 689 789 743 annsmno

1160 766 1257 851 Tace,

130 867 216 932 Dum
240 868 276 934 1'11
299 870 465 954 regionem
488 871 682 934 astutiarum
707 870 1227 956 mearumteindu00,1ttscias

21 1011 26 1024 ·
129 973 225 1039 quta
248 998 373 1042 mecum
398 980 470 1042 me'a
493 978 638 1043 consilia.

589 1109 824 1162 Punreunconauvs

665 1199 764 1266 Sa‘lua
788 1223 894 1266 sumes
917 1199 1068 1266 indidem.

623 1330 789 1386 Pannusrmo

128 1409 214 1484 Erus
239 1442 329 1484 meus
353 1422 516 1506 elephanti
540 1422 629 1487 corio
653 1421 915 1508 circumtentust,
936 1426 1002 1488 non
1026 1447 1098 1508 suc,
1224 1444 1276 1490 235

127 1527 242 1611 Ne'que
265 1528 364 1593 habet
386 1530 458 1614 plus
483 1530 663 1612 sapientiae
687 1552 783 1613 quam
806 1531 890 1613 lapis
913 1530 1026 1612 trabea,

585 1670 821 1724 Paamnacouuuvs

998 1729 1070 1847 Ego
1090 1763 1175 1829 istrie
1199 1765 1274 1829 scio.

621 1866 785 1921 annsrmo
813 1916 815 1920 .

126 1954 223 2020 Nunc
247 1957 476 2022 siccationem
501 1957 675 2041 incipissoj·
694 1958 779 2022 hano
803 1958 972 2022 instituam
997 1959 1163 2038 astutiam,

140 2055 148 2076 Ι

126 2079 173 2144 Vt
196 2080 435 2147 Philocomasio
459 2083 542 2146 hanc
571 2104 713 2147 sororem
738 2083 900 2166 ge'minam
924 2103 1113 2167 germanam
1137 2085 1273 2149 alteram

126 2186 242 2252 Dicam
267 2189 405 2255 Athenis
429 2191 598 2254 aduenisse
622 2195 694 2255 crim
719 2194 863 2254 amatore
887 2190 995 2274 aliquo
1019 2211 1091 2273 suo,

126 2295 206 2360 Tam
245 2297 383 2362 similem
421 2318 518 2380 quam
554 2298 638 2361 lacte
678 2297 801 2360 lactist:
844 2297 929 2380 apud
966 2300 998 2360 te
1040 2317 1094 2360 eos
1132 2297 1184 2361 hio
1222 2299 1274 2363 de·

704 2397 706 2403 ¹
923 2404 1046 2468 uortier
1220 2420 1273 2470 240

125 2507 242 2575 Dicam
265 2510 415 2595 hospitio.

584 2633 819 2688 Punienuconauvs

426 2725 520 2812 Euge
544 2732 638 2812 euge,
666 2727 783 2811 lepide:
807 2725 904 2790 larido
929 2727 1146 2789 commentum
1171 2727 1271 2788 tuom.

617 2857 781 2911 Planasiam

124 2940 183 3051 Vt,
208 2967 236 3030 si
259 2967 327 3032 illic
351 2965 603 3032 concriminatus
628 2967 672 3031 s1't
696 2967 869 3032 aduorsum
893 2964 1030 3030 militem

122 3073 215 3138 Meus
239 3097 426 3160 cuneorum,
449 3096 480 3140 se
504 3075 574 3139 eam
597 3074 716 3138 uidisse
739 3074 792 3138 hic
816 3095 888 3137 cum
913 3074 1016 3137 alieno
1042 3074 1229 3158 osculatum,

123 3163 269 3266 slrguam
293 3183 377 3246 hanc
401 3180 520 3246 uidisse
545 3181 629 3266 apud
653 3185 685 3244 te
708 3182 822 3256 contra
846 3181 1036 3244 conseruom
1060 3203 1166 3245 meum

123 3286 204 3379 Olim
224 3311 282 3354 suo
301 3294 445 3354 amatore
465 3291 703 3373 amplexantem
724 3291 819 3372 atque
839 3288 1046 3353 osculantem.

122 3434 166 3440 --
175 3434 234 3440 ——
245 3435 335 3442 --.--

121 3517 336 3589 Periplecomcoo
354 3537 423 3589 quae
441 3521 505 3575 decli
523 3523 554 3574 at
571 3523 600 3574 te
616 3563 621 3576 .
639 3560 644 3573 .
661 3520 736 3572 amet
754 3519 786 3571 iu
804 3518 883 3571 libris
902 3517 1099 3571 Palaestrionis
1117 3521 1190 3583 suut,
1211 3519 1269 3572 uisi

121 3599 193 3667 quod
211 3600 270 3653 eius
287 3607 380 3655 uotam
398 3618 448 3656 oca.
465 3602 535 3669 GD;
555 3603 618 3654 item
636 3602 668 3654 iu
685 3617 709 3653 c.
729 3604 781 3652 232
796 3604 860 3667 post
878 3600 954 3652 amet
972 3614 1023 3654 om.
1040 3596 1095 3650 01>
1115 3597 1267 3665 Peruplcco·

121 3680 194 3732 meai
212 3685 313 3746 uotam,
332 3699 400 3750 quoe
418 3682 450 3735 ia
468 3683 561 3735 ceteris
581 3681 660 3734 libris
678 3681 800 3734 additur.
874 3684 934 3732 236.
953 3677 1039 3731 habet
1053 3677 1267 3746 1103112911αά-

96 3820 101 3831 .
121 3761 192 3827 dmi,
211 3777 261 3814 oua
277 3782 307 3814 ω.
327 3763 361 3828 cf.
377 3762 451 3816 Rau.
466 3767 517 3815 227
533 3764 584 3816 nec
603 3760 693 3830 magis
713 3759 789 3814 solae
808 3761 900 3812 terrac
919 3758 994 3813 solae
1015 3761 1080 3812 sunt
1098 3776 1182 3828 quam
1196 3758 1266 3812 haec

121 3843 187 3894 sunt
208 3840 272 3895 loca
294 3845 379 3910 atque
402 3844 455 3896 hae
478 3843 615 3913 regiones.
692 3857 743 3908 ego
763 3839 835 3893 istuc
855 3838 912 3892 scio
932 3837 991 3890 ΡΖ
1007 3841 1118 3908 acgomi
1136 3839 1195 3893 ltuc
1214 3838 1266 3893 scio

121 3919 172 3974 Ba
191 3937 261 3990 aego
281 3920 344 3975 mist
362 3922 451 3977 nescio
472 3923 527 3976 01)
546 3913 659 3990 egomet
676 3919 801 3974 iltuclcio
820 3919 881 3972 Bc:
901 3935 982 3987 egom
1001 3921 1089 3974 eodem
1108 3937 1197 3974 errore
1214 3937 1266 3989 quo

120 4001 208 4054 talem
223 4032 255 4040 —
273 4003 385 4069 qualem
400 4021 423 4057 o.
439 4009 473 4056 50
488 4004 524 4069 Β,
540 4001 660 4055 colerem
676 4006 726 4054 186
744 3998 772 4066 Ο,
796 3999 910 4067 atquem
927 4005 979 4052 245
994 3999 1052 4064 Bu,
1072 4002 1198 4054 amatore
1213 4006 1265 4053 245

120 4079 247 4146 Boon,
274 4079 407 4136 frustrum
433 4088 501 4136 1016
525 4079 627 4148 1301),
652 4079 884 4133 Philocomaliom
908 4084 959 4133 238
983 4079 1085 4144 1101),
1109 4078 1264 4148 incipislom

120 4165 172 4213 237
187 4158 274 4227 Bac,
293 4160 343 4213 11111
360 4158 461 4229 incipis
476 4176 536 4214 cura
553 4177 608 4214 ros.
625 4161 653 4213 D
668 4159 772 4229 incipio
787 4159 855 4213 FZ:
875 4160 910 4226 cf.
929 4160 967 4213 ad
980 4177 1004 4213 o.
1021 4166 1098 4213 1323.
1171 4158 1265 4227 Neque

119 4256 189 4308 quoe
209 4240 365 4294 Palaestrio
383 4258 406 4295 c.
427 4245 576 4295 242-245.
595 4246 647 4293 247
658 4256 696 4308 sq.
717 4257 801 4309 oeque
823 4256 892 4308 orcae
910 4239 1142 4308 Periplecomcuus
1159 4257 1183 4292 o.
1204 4245 1262 4292 246.

120 4326 172 4374 249
186 4336 241 4389 sqq.
260 4321 358 4388 sutura
376 4322 487 4389 statuit,
505 4339 599 4376 recuro
617 4323 648 4375 iu
666 4322 764 4388 fabulo
783 4325 876 4374 costra
894 4321 1027 4374 eocuiuut.

1014 4411 1050 4461 ᾖ*
