3038 4956
167 257 207 312 IV
223 265 247 326 1,
261 265 377 313 39-44.
405 265 430 326 2,
449 266 515 313 1—9
575 261 682 316 MILES
702 260 904 317 GLORIOSVS
1272 266 1314 328 69

657 421 825 477 Patsas'raio
917 429 921 435 '

377 511 415 577 St
432 514 513 595 tace,
533 515 676 598 aperitur
694 515 789 579 foris:
809 516 948 581 concedo
966 517 1029 580 huc
1048 518 1240 582 clanculum.
1263 535 1316 583 980

167 619 257 683 Hac'c
281 619 370 682 celox
394 616 498 683 illiust
521 642 602 704 quae
625 620 701 684 hinc
725 621 890 704 egrdditur
912 622 1121 689 internuntia.

629 742 860 796 Pmaoeommcss

167 813 257 890 Quae
280 813 392 879 celox?

655 902 824 955 Pacuasaauo

426 955 625 1057 Ancsslulast
648 991 735 1057 illius
760 1015 841 1076 quae
864 995 1029 1078 egreditur
1051 997 1152 1079 foras3

168 1098 258 1176 Quae
283 1099 415 1201 §nulum
438 1099 545 1163 istunc
568 1099 692 1183 attulit,
716 1121 812 1183 quem
835 1097 896 1165 tibi
919 1100 1001 1167 dedi.

631 1223 865 1277 Puaaoeommcas

935 1304 1060 1389 Edepol
1083 1306 1163 1371 haec
1187 1306 1315 1391 quidem

169 1341 336 1461 Bellulast.

655 1478 823 1534 Pansasamo

363 1570 543 1635 Pithecium
567 1572 647 1636 haec
670 1574 720 1636 cst
742 1573 820 1654 prad
843 1570 901 1636 illa
924 1576 957 1636 et
980 1571 1240 1656 spinturnicium.

168 1676 273 1742 Viden
311 1683 347 1742 tu
383 1677 474 1741 illam
509 1679 609 1743 oculis
648 1679 839 1742 uenaturam
872 1678 977 1744 facere
1011 1683 1107 1763 atque
1144 1682 1316 1764 aucupium

966 1786 1118 1850 auribus?
1264 1803 1316 1853 osa

244 2068 529 2122 ΜΠιΡΗΙΒῙΡΡΑ.
566 2068 942 2123 PYRGOPOLIN'IGES.
978 2069 1238 2123 malcomo

652 2191 831 2245 Mammas

167 2284 263 2349 Pttet
287 2287 361 2348 ante
385 2283 473 2348 aedis
497 2281 611 2369 circus,
634 2285 690 2349 ubi
713 2289 790 2349 sunt
812 2285 881 2350 ludi
900 2284 1045 2350 faciundi
1066 2285 1156 2349 mihi.

168 2389 390 2455 Dissimulabo
417 2388 477 2454 hos
510 2390 603 2474 qutisi
635 2413 701 2455 non
729 2391 856 2456 uideam
884 2395 987 2477 neque
1020 2414 1090 2457 esse
1118 2391 1171 2456 hic
1204 2393 1315 2456 ctiam·

966 2497 1041 2562 dum
1065 2498 1173 2564 sciam.

627 2584 858 2638 Puacoaomaoss

167 2676 266 2740 Tace:
291 2675 584 2769 subauscultemus,
607 2676 720 2760 ecquid
745 2675 784 2740 dc'
807 2698 857 2740 me
881 2676 940 2740 fiat
963 2676 1092 2741 mentio

652 2796 831 2852 Mmmma

166 2888 310 2973 Numqui
332 2888 385 2953 hic
407 2911 508 2973 prope
527 2889 629 2974 adest,
648 2887 705 2973 qui
726 2911 793 2953 rem
817 2888 958 2953 alienam
977 2890 1086 2972 pdtius
1106 2893 1196 2954 curet
1219 2890 1315 2972 quam

967 2995 1079 3060 suam?

166 3104 229 3180 Qui
253 3106 391 3188 aucupet
414 3125 465 3167 mc
489 3101 566 3187 quid
590 3103 708 3187 agam?
732 3103 787 3186 qui
810 3103 849 3167 de
872 3103 999 3187 ue‘speri
1022 3104 1114 3167 uiudt
1136 3102 1217 3167 suo?
1263 3119 1315 3167 990

165 3212 233 3277 Eds
251 3232 337 3275 nuuc
350 3209 499 3274 homines
518 3211 626 3274 metuo
646 3231 686 3273 ne
706 3209 815 3274 obsint
832 3207 912 3273 mihi
930 3231 1011 3273 neue
1031 3210 1161 3274 obstent
1179 3209 1316 3293 uspiam,

167 3317 271 3383 Domo
292 3316 409 3382 silenta
428 3316 504 3380 dum
523 3316 586 3380 huc
604 3315 758 3380 transibit
777 3338 858 3400 quae
877 3316 973 3380 huius
992 3316 1123 3399 cupiens
1146 3314 1315 3399 corporist

68 3457 72 3463 ·
168 3425 256 3502 Quae
290 3426 378 3489 amat
405 3421 492 3486 hunc
523 3421 688 3488 hominem
721 3421 859 3487 nimium
886 3422 1028 3507 lepidum
1058 3426 1090 3488 et
1117 3419 1218 3486 nimia
1245 3422 1314 3505 pul-

966 3529 1137 3613 critudine,

166 3627 304 3694 Mssitem
327 3628 617 3714 Pyrgopolinicem.

166 3829 225 3879 982.
251 3839 321 3891 quae
346 3823 417 3876 haec
436 3843 457 3876 ω
478 3822 557 3890 (hacc
575 3839 589 3876 e
606 3837 685 3876 versu
708 3822 876 3877 antecedenti
896 3822 1016 3891 irrepsit)
1089 3821 1224 3875 ancillula
1242 3820 1318 3874 illius

165 3903 205 3958 eft
215 3902 302 3970 (illius
312 3902 352 3957 ea
366 3903 409 3957 bis
422 3903 460 3970 D,
470 3902 511 3955 eo
523 3919 573 3956 aaa.
593 3902 631 3970 B)
647 3922 668 3955 ω
741 3919 812 3971 quae
827 3900 874 3956 hic
893 3923 928 3956 a:
944 3903 978 3968 cf.
989 3907 1049 3955 981.
1120 3908 1179 3957 986.
1197 3901 1312 3970 patetR

165 3997 373 4037 mmmmm.
397 3981 465 4035 Tam
485 3984 541 4051 (am
562 3981 598 4049 Ο)
617 3981 657 4036 eit
676 3981 732 4036 01)
755 3983 813 4036 Mil.
833 3982 903 4035 'Pam
927 3984 968 4036 cst
984 3982 1013 4035 B
1036 3980 1082 4034 Mi.
1103 3983 1162 4035 lam
1186 3983 1229 4035 cst
1248 3981 1312 4036 FZ.

166 4065 204 4117 Ia
217 4065 244 4116 A
259 4064 302 4117 ait
307 4070 417 4132 praeter
432 4078 445 4116 1
462 4063 575 4117 dubiam
584 4079 676 4117 versas
686 4064 767 4116 tuitio
781 4064 921 4132 apparuit.
996 4067 1056 4116 992.
1072 4061 1155 4116 domo
1170 4061 1272 4115 silenta
1287 4061 1315 4115 R

166 4143 356 4199 Domofibitac
369 4142 431 4196 BD
446 4141 552 4196 Domus
562 4142 616 4196 ibit
630 4159 662 4196 ac
678 4141 701 4195 0
713 4141 803 4198 Domo
815 4141 834 4195 fi
849 4142 902 4197 ibit
912 4159 945 4196 ac
960 4140 1026 4195 M.
1063 4142 1102 4195 Ia
1115 4143 1142 4195 A
1152 4142 1194 4195 ait
1203 4146 1314 4209 praeter

166 4239 188 4278 n
204 4224 340 4278 initialem
363 4224 480 4278 litteram
498 4242 531 4278 ac
548 4240 583 4277 ae
600 4240 659 4277 eam
676 4224 783 4291 quidem
807 4228 906 4277 certam
925 4223 1044 4291 dispescit
1067 4222 1199 4276 Laecaiue.
1239 4220 1315 4276 Certe

165 4306 239 4359 sedes
257 4305 425 4372 corruptelae
438 4310 476 4357 est
494 4305 526 4357 ia
545 4304 642 4358 titteris
655 4301 761 4368 libitas,
780 4304 812 4355 ia
825 4302 924 4371 quibus
941 4318 1038 4356 amaea
1052 4307 1101 4355 cat
1114 4302 1314 4355 substantivam

166 4391 216 4440 aat
234 4384 398 4439 adiectio-um
416 4385 529 4453 aliquod
547 4384 629 4438 tatere
646 4382 783 4451 suspicor,
802 4399 854 4450 qao
871 4382 1020 4436 subiectam
1037 4382 1212 4452 sipaificetwr.
