3038 4956
685 238 820 293 Pnavur
1113 241 1137 293 u
1159 248 1183 309 a,
1203 248 1333 298 eo-roc

640 401 873 454 Pnerruscounuva

980 481 1083 547 Immo
1104 486 1245 566 optume.
1278 500 1330 549 245

182 576 271 655 idem
295 611 356 676 ego
380 592 498 676 dicam,
521 591 548 655 si
573 591 610 655 (ἴω
632 612 683 654 me
707 590 852 673 exquiret
875 586 976 654 mssea

675 718 838 774 Patansrnro

1003 811 1065 877 Sed
1085 810 1272 880 simsslimas

184 920 292 986 Dicito
316 944 399 1005 esse3
423 925 455 985 et
479 917 718 986 Philocomasio
742 920 775 983 id
798 918 1093 1004 praecipiendumst
1116 923 1153 983 ut
1176 920 1272 1003 sciat,

183 1026 234 1091 Ne
258 1029 389 1113 titubet,
414 1029 441 1091 si
465 1025 610 1111 exquiret
633 1049 670 1091 ex
695 1049 733 1090 ea
756 1024 859 1091 miles.

639 1164 874 1222 Pnunuuoounnm

881 1256 987 1322 Nimis
1012 1259 1141 1322 doctum
1166 1258 1285 1322 dolum.

185 1363 248 1431 Sed
273 1365 300 1430 si
324 1365 436 1430 ambas
459 1364 567 1428 uidere
590 1364 624 1427 in
648 1386 712 1428 uno
737 1362 830 1430 miles
855 1363 990 1428 concilio
1014 1364 1116 1448 uolet,

184 1471 269 1548 Quid
293 1471 441 1556 agimus?

675 1557 840 1610 Pnnrnsunro

458 1648 605 1713 Facilest.
635 1652 800 1713 trecentae
819 1651 956 1732 possunt
974 1670 1090 1714 causae
1109 1649 1241 1733 conligi:
1278 1666 1330 1714 250

186 1756 276 1822 ‘Non
301 1756 433 1839 domist,
457 1756 524 1820 abit
548 1755 762 1839 ambulatum,
786 1756 905 1819 ddrmit
928 1758 1061 1820 ornatur
1084 1756 1174 1820 lauat

185 1863 326 1927 Prandct
348 1865 441 1945 potat
465 1864 666 1947 ‹iccupatast,
691 1864 807 1944 operae
830 1884 896 1926 non
921 1866 984 1946 est,
1007 1864 1072 1925 non
1096 1860 1234 1946 potest’,

185 1970 346 2047 Quantum
371 1969 421 2034 uis
445 1969 654 2053 prolationis:
679 1969 754 2032 daim
778 1969 873 2033 modo
897 1969 983 2033 hunc
1005 1969 1111 2051 prima
1134 1969 1188 2032 uia

186 2062 392 2162 inducamus,
416 2079 493 2141 uera
516 2080 552 2140 ut
576 2098 645 2140 esse
669 2076 778 2140 credat
801 2098 881 2160 quae
905 2073 1125 2141 mentibimur.

642 2215 875 2272 Pnnrenncounuvs

186 2300 296 2365 Placet
313 2304 349 2364 ut
368 2299 456 2364 dicis.

677 2385 843 2440 Panrns‘nuo

474 2461 566 2542 intro
583 2478 636 2542 abi
651 2499 728 2562 ergo
744 2484 777 2543 et
793 2478 820 2541 si
835 2475 923 2542 istist
936 2477 1059 2561 mulier,
1079 2476 1150 2540 erim
1165 2475 1238 2540 iube
1280 2491 1332 2540 255

186 2585 260 2653 Cito
284 2588 414 2653 domum
438 2582 592 2648 transire:
617 2588 712 2668 atque
735 2585 814 2650 haec
838 2585 867 2650 ei
892 2582 960 2650 dice
984 2586 1129 2649 monstra
1151 2583 1310 2667 praecipe,

185 2688 232 2777 lit
254 2716 364 2776 teneat
386 2706 524 2775 consilia
547 2712 672 2794 nostra,
696 2731 790 2793 quem
816 2709 988 2775 admodum
1012 2706 1119 2774 exorsi
1141 2730 1264 2792 snmus,

187 2817 233 2881 De
257 2818 387 2902 gemina
411 2818 528 2881 sordre.
735 2806 737 2810 ⁵

643 2917 877 2972 Pnannnconnuvs

558 3012 662 3077 Docte
685 3009 748 3076 tibi
772 3012 862 3077 illam
888 3011 1074 3095 perdocttm
1098 3011 1190 3076 dabo.

185 3120 350 3204 Numquid
374 3119 484 3184 aliud?

678 3223 842 3277 Pentascino

506 3307 597 3388 intro
616 3326 653 3387 ut
672 3323 777 3390 abeas.

643 3453 878 3510 Pnnmnncounuvs

806 3548 906 3630 Abeo,

678 3696 844 3750 Pannnsmuo

433 3866 437 3877 Ι
838 3788 882 3853 Et
901 3789 1029 3872 quidem
1048 3809 1108 3873 ego
1128 3789 1182 3853 ibo
1202 3789 1332 3854 domum

188 3881 295 3983 litque
305 3897 470 3961 hominem
478 3893 705 3979 inuestigando
719 3916 850 3979 operam
861 3895 946 3959 hunc
957 3891 1232 3960 dissimulabiliter
1240 3897 1333 3980 dabo,

189 4004 254 4084 Qui
274 4005 373 4070 fuerit
396 4005 583 4084 conseruoS,
607 4001 661 4086 qni
686 4001 780 4066 hodie
805 4000 849 4066 sit
872 4004 1012 4066 sectatus
1037 4000 1174 4068 simiam.
1281 4020 1330 4069 261

187 4214 247 4263 251.
273 4220 345 4260 nanu
368 4205 408 4273 A,
435 4206 492 4259 nisi
514 4204 585 4274 qacod
608 4218 620 4257 1
643 4203 767 4257 etiamn
790 4221 844 4259 esce
862 4209 957 4273 polest.
996 4201 1107 4273 abiitrp
1181 4210 1240 4260 253.
1267 4219 1332 4259 nao-

188 4300 329 4341 numurus
346 4287 381 4353 A,
400 4291 432 4339 at
449 4287 503 4340 aid.
523 4284 713 4354 prolationum
732 4304 766 4353 φε
786 4302 824 4339 aa
841 4283 1033 4353 prolationes?
1104 4290 1163 4338 260.
1183 4299 1258 4339 auro
1273 4285 1333 4354 Αφ,

186 4369 259 4437 quod
276 4370 384 4435 frastra
402 4372 493 4420 tuetur
511 4366 637 4421 Briaiua.
