3038 4956
183 256 226 317 co
684 254 818 310 Ριιιιί
948 259 986 312 ιιι
1005 265 1030 326 a,
1050 266 1166 315 ιιι-00.
1196 270 1222 329 e,
1243 270 1337 319 1-15

270 419 375 484 Nimis
399 419 506 504 lepida
524 419 630 484 forma
653 419 748 484 dicit.
781 420 813 484 di
832 420 939 485 hercle
962 422 1048 488 hanc
1070 445 1141 489 ram
1164 425 1337 494 ediuuant.

270 526 374 603 Quam
398 525 495 610 digne
519 530 634 592 ornata
657 527 791 609 incedit,
814 528 895 593 haut
918 529 1113 596 meretricie!

269 634 388 717 Lepide
411 634 472 698 hec
497 634 639 699 succedit
662 636 721 698 sub
745 658 861 700 manus
885 637 1063 721 negetium.

646 879 710 886 —-
719 881 728 885 ..
743 881 857 889 ..η-ι

199 1088 588 1143 PERIPLEGOMENVS.
621 1091 988 1146 AGROTEIAEV'HVM.
1020 1092 1317 1148 MILPHIDIPPA.

622 1180 881 1232 PALAmsrmo

633 1312 869 1367 Pnnrrnncounnvs

182 1413 261 1478 item
281 1414 408 1477 omnem
428 1412 497 1496 tibi,
513 1413 774 1495 Acroteleutium,
794 1413 916 1498 tibique
935 1419 1010 1497 rina,
1028 1413 1258 1502 Milphidippa,
1282 1435 1336 1485 8ιο
1378 1448 1441 1491 ---,··

182 1521 278 1586 Domi
302 1521 522 1585 demonstraui
544 1521 610 1584 iam
634 1520 753 1584 erdine.
786 1520 869 1585 hanc
892 1521 1050 1586 fabricem
1073 1522 1290 1608 fallacia'sque
1411 1502 1418 1539 i

181 1629 290 1692 Minus
315 1626 345 1691 si
366 1627 499 1710 tenetis,
522 1627 626 1690 denuo
650 1627 725 1691 uolo
748 1627 934 1710 percipiatis
958 1629 1069 1712 plene3

183 1735 267 1800 Satis
293 1735 319 1798 si
343 1733 543 1819 intellegitis,
568 1733 654 1798 eliud
678 1733 835 1816 estquod
858 1735 967 1817 petius
991 1735 1182 1802 fabulemur.

642 1873 868 1928 Aonoraunvrrvu

182 1975 327 2042 Stultitia
350 1981 446 2060 atque
470 1974 657 2059 insipientia
680 1979 769 2056 atquc
792 1975 916 2040 insrilsa
938 1976 1063 2040 mulitia
1085 1977 1164 2041 haec
1188 1978 1242 2061 sit,

182 2083 234 2146 Me
258 2084 303 2147 ire
328 2081 362 2146 in
382 2105 461 2166 opus
481 2083 621 2146 alienum
641 2085 697 2146 aut
714 2082 775 2146 tibi
795 2105 901 2147 meam
920 2085 1051 2166 operam
1072 2083 1256 2168 pollicitiri,
1281 2100 1335 2150 875

183 2190 217 2255 Si
242 2191 276 2254 in
300 2212 338 2255 ea
361 2189 512 2273 epificina
534 2190 675 2254 nesciam
700 2194 757 2254 aut
780 2190 866 2253 mala
889 2191 959 2254 esse
983 2193 1039 2253 aut
1061 2189 1279 2255 fraudulenta.
1299 2240 1303 2245 .

605 2356 607 2362 ·
633 2330 871 2383 anrcaoonrnvs

184 2424 230 2488 At
252 2423 384 2488 meliust
406 2428 433 2488 ic
456 2423 623 2488 monerier.

641 2554 868 2608 Acnornnnvmvn

651 2653 854 2719 Meretricem
878 2656 1077 2721 commoneri

183 2764 285 2840 Quam
310 2767 387 2828 sene
411 2763 521 2848 magni
545 2762 676 2845 referat,
700 2783 751 2825 mc
775 2762 899 2827 olimst.
932 2763 1010 2846 quin
1033 2783 1094 2848 ego
1118 2764 1170 2826 uel
1194 2764 1296 2848 iiltr0,

182 2872 358 2956 Postquam
383 2870 533 2934 edbibere
557 2871 649 2932 aures
674 2890 763 2932 meae
787 2870 861 2932 tuae
885 2871 975 2933 eram
1000 2870 1170 2955 oratienis,

182 2978 255 3042 Tibi
278 2976 343 3044 dixi
367 2977 460 3041 miles
484 2998 578 3061 quem
603 2976 775 3040 edmodum
799 2972 938 3058 petisset
960 2975 1124 3041 deascieri.
1278 2996 1331 3046 880

633 3117 872 3170 anrrnoonanvs

182 3220 228 3285 At
250 3222 345 3284 nemo
371 3221 457 3285 solus
482 3218 560 3284 setis
585 3216 684 3302 sapit:
708 3239 783 3280 nam
809 3235 868 3300 ego
893 3216 1012 3280 mriltos
1037 3237 1131 3300 saepe
1156 3216 1222 3283 uidi

183 3327 362 3412 Regienem
385 3326 496 3411 fugere
520 3324 636 3389 censili
659 3324 748 3407 prius
771 3324 867 3408 quem
891 3325 1053 3406 repertam
1077 3323 1241 3390 haberent.

643 3462 868 3517 Aonorunrvrrvsr

183 3570 217 3635 Si
241 3568 318 3654 quid
341 3568 560 3634 faciundumst
583 3564 712 3630 melieri
734 3564 818 3628 male
842 3565 938 3647 etque
962 3563 1136 3649 malitiose,

183 3677 251 3741 Eae
275 3677 321 3740 ibi
345 3673 529 3740 inmortalis
553 3672 742 3737 memoriast
765 3668 948 3734 meminisse
972 3674 1005 3734 et
1028 3671 1238 3757 sempiterna:

183 3920 243 3968 874.
262 3912 426 3981 insipientia
444 3915 529 3981 atque
548 3911 655 3966 insulsa
677 3909 786 3965 malitia
804 3909 832 3962 R
850 3906 1011 3977 insipientie
1029 3908 1098 3964 falsa
1115 3910 1143 3963 B
1161 3909 1331 3979 insapientie

183 3994 351 4064 (iuiipientie
369 3994 409 4063 D)
428 3993 508 4048 falsta
528 3992 584 4047 01)
676 3998 736 4045 870.
760 3991 789 4044 in
812 4005 846 4042 ea
869 3988 998 4057 opificina
1022 3991 1134 4045 admisit
1155 3990 1330 4046 Ritectcliue.

184 4093 244 4129 eam
260 4074 419 4144 opificinam
431 4095 455 4132 ω
471 4091 505 4128 ea
519 4073 549 4127 in
563 4071 676 4127 officina
692 4071 865 4126 Gnincrariirs
921 4073 982 4123 878.
998 4087 1042 4124 me
1056 4070 1084 4124 R
1097 4070 1169 4124 nihil
1183 4090 1213 4136 ω,
1227 4087 1331 4126 meram

183 4158 327 4227 plesseio,
347 4161 377 4208 ut
395 4156 494 4221 seatio,
513 4155 655 4208 certorum
674 4169 758 4220 quam
779 4171 799 4205 s.
818 4149 914 4218 magni
987 4150 1054 4219 quin
1074 4167 1126 4219 ego
1146 4150 1191 4204 uel
1210 4149 1285 4206 ult-ro
1302 4151 1331 4207 li

184 4236 251 4304 quin
271 4252 323 4303 ego
342 4234 456 4289 inlustro
471 4236 498 4287 11
512 4235 580 4303 quin
599 4251 651 4303 ego
671 4232 786 4286 inlustro
802 4231 830 4285 0.
864 4230 912 4284 Ex
925 4229 955 4282 1)
973 4232 1015 4284 aii
1033 4231 1142 4285 iooeoio
1160 4232 1329 4287 adnotatum.

184 4314 252 4380 quin
276 4317 388 4384 egomet
411 4316 485 4369 ultro
510 4316 658 4369 Acidaliae
748 4318 808 4368 818.
833 4314 898 4366 tuae
926 4327 1003 4364 oram
1026 4312 1176 4365 Gulielmas
1199 4314 1275 4365 tuam
1297 4314 1331 4382 (tr

185 4399 262 4450 tuam
283 4396 318 4463 0)
338 4411 444 4449 moram
463 4394 553 4447 1101)
625 4400 684 4450 884.
705 4410 754 4448 eae
773 4393 814 4448 ibi
832 4392 860 4446 R
879 4392 921 4446 lia
938 4390 990 4445 libi
1008 4391 1071 4444 BD
1089 4391 1147 4444 Eea
1165 4390 1216 4444 ubi
1236 4390 1259 4445 0
