3038 4956
519 1103 898 1181 PRAEFATIO

655 1301 761 1310 ...---·

222 1450 382 1536 Noviens,
410 1450 438 1515 si
466 1454 551 1517 recte
579 1452 725 1536 memini,
748 1451 797 1516 vel
823 1452 946 1516 octiens
970 1472 1028 1535 per
1051 1451 1191 1537 quinque
1214 1450 1282 1515 fere

134 1561 237 1624 lustra
250 1559 284 1623 in
304 1557 423 1624 scholis
440 1557 577 1642 publicis
593 1580 613 1622 a
631 1580 682 1622 me
697 1561 932 1642 pertractatum
947 1557 1086 1623 Militem
1104 1558 1281 1644 gloriosum
1363 1563 1365 1566 ’

138 1666 204 1730 iam
226 1687 242 1729 e
265 1664 415 1730 manibus
440 1664 570 1747 emitto,
595 1686 659 1728 non
684 1664 774 1748 quasi
798 1686 882 1729 nunc
905 1686 1021 1748 purum
1045 1667 1160 1748 putum
1184 1666 1281 1748 atque

137 1773 222 1837 omui
238 1775 383 1857 exparte
399 1771 655 1856 redintegratum
665 1770 837 1836 Plautinae
853 1772 932 1836 artis
943 1771 1107 1855 exemplar
1120 1770 1283 1854 haberem,

136 1879 219 1964 quod
234 1879 326 1943 nulla
340 1899 493 1963 umquam
508 1876 657 1961 redipisci
677 1882 766 1942 aetas
785 1878 916 1963 poterit,
932 1878 986 1942 sed
1003 1878 1089 1962 quia,
1106 1881 1280 1964 postquam

136 1986 216 2051 satis
236 1986 290 2050 diu
304 1986 380 2050 huic
399 1985 603 2070 potissimum
622 1983 753 2049 fabulae
768 1985 985 2050 emendandae
1007 2008 1044 2050 ac
1063 1984 1282 2049 restituendae

136 2114 268 2176 operam
293 2091 373 2176 dedi,
397 2091 532 2156 iuvabat
556 2091 698 2156 adsiduis
723 2092 898 2156 multorum
921 2092 1088 2157 laboribus
1111 2091 1282 2176 paullatim

136 2199 184 2263 ita
216 2199 320 2263 cultae
352 2220 389 2263 ac
417 2198 552 2282 politae,
585 2202 622 2262 ut
649 2201 734 2261 certe
763 2199 929 2283 aliquanto
958 2198 1156 2263 commodius
1186 2219 1283 2283 quam
1380 2256 1382 2261 Α

136 2305 215 2369 olim
229 2304 295 2390 legi
309 2304 422 2388 possit,
441 2305 613 2389 imaginem
633 2304 764 2388 plenam
780 2309 876 2389 atque
891 2327 1076 2389 expressam
1094 2325 1284 2389 proponere.

137 2412 226 2488 Quae
264 2411 291 2475 si
324 2410 501 2474 luminibus
538 2409 731 2495 quibusdam
763 2411 846 2474 nitet
878 2410 1032 2494 propriis,
1069 2432 1180 2477 eorum
1215 2432 1284 2475 non

136 2519 271 2583 minima
288 2539 365 2602 pars
382 2515 546 2582 Gustavi
560 2514 704 2581 Loewii
718 2517 851 2581 debetur
866 2516 966 2582 oculis
981 2514 1129 2602 Lynceis,
1148 2539 1282 2601 quorum
1316 2564 1319 2569 ·

137 2625 284 2690 acumine
321 2646 360 2688 ex
392 2624 605 2709 palimpsesto
638 2623 856 2689 Ambrosiano
889 2647 974 2689 nova
1006 2625 1148 2707 optimae
1179 2603 1283 2708 frugis

139 2732 251 2795 messis
276 2731 411 2795 collecta
435 2735 494 2797 est.
546 2731 609 2807 Qui
633 2733 660 2796 si
684 2732 786 2796 multa
810 2731 907 2796 etiam
932 2752 1018 2795 nunc
1041 2731 1164 2796 incerta
1187 2734 1283 2815 atque

137 2837 171 2900 in
200 2836 342 2901 tenebris
376 2838 501 2922 sepulta
533 2838 664 2902 interim
692 2838 836 2923 reliquit,
867 2837 1063 2902 monendum
1099 2841 1150 2902 est
1177 2838 1281 2921 primo

137 2944 230 3027 quasi
249 2945 371 3028 impetu
390 2946 574 3025 reportatae
593 2943 731 3007 necdum
751 2923 897 3008 examine
917 2944 1086 3008 subtiliore
1106 2944 1283 3029 castigatae

136 3050 274 3135 praedae
286 3050 463 3134 specimina
473 3050 631 3134 quaedam
645 3051 698 3114 hic
712 3051 857 3136 proponi,
872 3051 971 3116 altius
986 3074 1061 3117 mox
1075 3050 1292 3136 indagandae

137 3157 377 3221 confirmandae
387 3157 553 3242 augendae
564 3179 653 3241 spem
666 3161 762 3242 atque
773 3158 941 3224 consilium
952 3158 1084 3222 minime
1094 3158 1281 3243 deposuisse

137 3264 329 3328 acerrimum
354 3267 577 3330 scrutatorem.
623 3264 750 3350 Insigni
775 3269 883 3331 autem
907 3269 940 3330 et
962 3265 1059 3330 huius
1084 3265 1144 3330 viri
1168 3265 1283 3349 optimi

137 3373 170 3433 et
193 3371 352 3435 sociorum
376 3371 445 3435 eius
469 3371 666 3436 liberalitate
690 3372 841 3458 contigit,
870 3377 906 3437 ut
933 3372 1068 3457 integris
1092 3372 1194 3455 copiis
1216 3392 1283 3437 non

137 3475 322 3560 apographi
346 3479 474 3542 tantum
503 3478 605 3561 illius,
634 3478 690 3543 sed
710 3478 839 3543 Veteris
868 3479 979 3562 etiam,
1008 3479 1063 3564 qui
1094 3478 1284 3562 appellatur,

138 3583 256 3648 codicis
280 3582 433 3649 Vaticani
462 3585 511 3649 uti
535 3585 646 3650 liceret
673 3586 714 3650 ab
738 3585 872 3668 Hupoue
895 3586 1031 3651 Hiucln‘o
1059 3584 1153 3669 mihi,
1181 3584 1284 3668 prius-

137 3711 233 3772 quam
267 3690 308 3754 ad
338 3690 447 3776 plures
478 3692 606 3771 abierit,
639 3691 760 3775 pietate
789 3714 827 3757 ac
854 3692 1075 3758 familiaritate
1103 3691 1284 3776 coniuncto,

135 3794 310 3861 Ritschelii
346 3819 444 3862 causa
480 3802 555 3862 ante
588 3799 712 3882 aliquot
749 3819 851 3862 annos
884 3799 1129 3882 diligentissime
1166 3799 1283 3863 iterum

137 3903 273 3968 excussi.
318 3903 379 3969 His
407 3905 508 3990 igitur
537 3905 722 3970 auctoribus
752 3905 868 3969 nititur
896 3906 1049 3990 quidquid
1073 3906 1112 3971 de
1139 3907 1284 3971 codicum

136 4009 169 4073 A
192 4012 224 4073 et
246 4008 274 4073 B
298 4011 466 4095 scripturis
494 4012 529 4075 in
557 4012 767 4077 adnotatione
796 4012 907 4076 critica
929 4016 1095 4077 narratum
1124 4012 1283 4095 invenies3

135 4119 238 4201 utque
260 4117 430 4183 Decurtati
449 4118 638 4184 memoriam
663 4119 774 4184 eadem
797 4119 858 4182 fide
881 4124 1122 4203 repraesentare
1145 4141 1284 4203 possem,

135 4225 208 4308 ipse
240 4223 326 4289 hunc
359 4225 487 4309 quidem
517 4225 637 4290 librum
664 4225 882 4310 Heidelberga
911 4226 1043 4290 comiter
1070 4225 1149 4289 mihi
1178 4229 1283 4290 trans-
