3038 4956
752 272 888 327 imvm
1181 273 1223 326 111
1242 280 1268 341 2,
1287 280 1398 329 er-se

767 433 868 487 Lvncro

883 525 967 602 Quis
990 527 1077 590 enim
1100 526 1268 592 absorbui:

230 716 235 723 Ι
332 631 417 697 Nam
441 631 537 696 m'mis
562 633 695 716 celeuil,
717 632 908 697 imburebat
931 637 1104 717 gustarem.

734 754 903 807 Prorsermo

333 845 424 910 Bono
449 868 626 931 suppromo
649 849 682 909 el
704 849 816 930 promo
841 845 956 910 cellam
981 845 1147 911 creditam
1342 863 1398 912 834

765 976 868 1030 Lvncro

330 1067 398 1135 Alii
423 1068 505 1132 ebrii
529 1072 619 1146 suni,
643 1069 699 1133 elii
722 1091 855 1152 poscam
878 1069 1035 1152 politant:
1340 1086 1395 1135 833

332 1174 380 1239 Tu
406 1176 511 1240 hercle
534 1174 644 1240 itidem
668 1176 805 1258 faceres,
828 1174 859 1240 si
879 1175 939 1240 ribi
963 1181 1048 1241 esset
1070 1177 1201 1242 eredita
1340 1194 1396 1242 835

333 1280 493 1358 Quoniam
518 1282 676 1346 ae‘mulari
698 1283 765 1346 non
789 1282 877 1364 licei,
900 1303 986 1346 nuno
1007 1279 1143 1347 inuidos.

735 1412 903 1466 Prorssrmo

331 1503 418 1589 Eho,
442 1527 483 1570 an
507 1509 659 1589 amquam
683 1505 844 1588 prompsit
867 1504 1025 1569 sintehae?
1048 1505 1219 1590 respondi,
1242 1505 1358 1570 scelus.

334 1612 440 1695 Atque
464 1614 500 1675 rit
522 1614 558 1674 iu
583 1612 664 1675 seire
687 1610 826 1693 prissies,
850 1609 921 1675 dico
944 1610 1019 1675 libi:

334 1717 368 1782 Si
391 1716 474 1782 filse
497 1717 599 1801 dices,
623 1717 752 1802 hircio,
776 1718 1008 1783 exerueisibere.

765 1848 866 1903 Lvncro

330 1941 404 2006 Itan
427 1941 527 2006 uiro?
550 1944 587 2004 ui
609 1945 645 2005 iu
669 1942 738 2024 ipse
762 1943 813 2005 mi
837 1939 955 2004 dixisse
979 1939 1109 2025 deliees,
1338 1957 1393 2006 840

331 2048 412 2113 Posi
434 2050 454 2112 e‘
473 2048 590 2133 sagina
613 2068 673 2133 ego
697 2048 794 2112 eiciar
816 2048 957 2125 oelleiria,

331 2154 377 2220 Vt
399 2152 462 2218 tibi
485 2156 511 2219 si
535 2154 710 2238 prompsis‚
734 2155 835 2218 silium
859 2158 1069 2237 suppromrim
1093 2177 1196 2239 pares.

735 2276 901 2330 Psosssrrro

331 2368 407 2433 Non
431 2368 545 2452 edepol
568 2367 699 2433 faeiem:
723 2389 782 2453 age
806 2368 972 2452 eoloquere
996 2367 1146 2433 audacro
1168 2369 1257 2435 mihi.

765 2489 866 2544 Lvroro

330 2581 515 2667 Numquam
540 2581 653 2665 edepol
677 2582 744 2646 uidi
767 2586 929 2665 promere:
953 2603 1064 2645 uerum
1088 2582 1151 2646 hoe
1174 2585 1256 2647 erait

330 2689 412 2753 Mihi
435 2686 631 2775 imperabat,
654 2692 714 2774 ego
738 2690 927 2773 promebam
951 2691 1073 2772 postea.
1336 2704 1390 2754 845

733 2819 901 2872 Psorssrmo

330 2910 383 2976 Sic
406 2909 457 2975 ssli
480 2912 593 2976 crebro
617 2912 723 2995 eripite
747 2910 905 2975 sistebrinl
929 2910 1020 2973 cadi?

763 3032 865 3087 Lvrroro

329 3123 405 3188 Non
429 3124 535 3190 he'role
559 3128 628 3188 iam
651 3125 734 3189 istoe
757 3125 863 3188 usilide
886 3124 1062 3188 oassabs'mt
1086 3124 1165 3188 cadi.

330 3229 392 3295 Sed
416 3231 451 3295 in
473 3232 554 3295 eills
577 3232 711 3316 paulum
734 3231 834 3295 loculi
859 3234 928 3294 erat
951 3230 1047 3294 nimis
1070 3230 1200 3314 lribriai;

241 3440 301 3489 832.
327 3433 431 3488 euleoii
449 3432 505 3487 01)
524 3432 610 3487 caluit
623 3434 651 3486 Β
670 3433 781 3487 calebat
800 3432 889 3487 Nouii
903 3450 933 3501 p.
954 3437 1005 3485 207
1026 3433 1192 3500 exemplaria
1210 3446 1343 3487 osusm-
1363 3434 1392 3487 A

312 3520 372 3570 834.
393 3521 452 3568 833.
473 3515 513 3567 iia
532 3515 703 3582 lrausposui,
723 3518 755 3566 ut
772 3515 844 3567 iuter
862 3519 1005 3581 utramque
1023 3530 1170 3581 persouam
1187 3514 1390 3568 disuibuerem:

240 3602 265 3650 et
288 3596 422 3650 ouriililur
445 3595 483 3647 ad
505 3612 528 3647 o.
554 3599 604 3646 833
632 3593 832 3647 Palaestrionis
855 3596 886 3647 iu
910 3612 944 3660 a,
973 3593 1121 3647 Lureiouis
1145 3599 1211 3648 uota
1234 3595 1272 3648 ad
1293 3611 1317 3647 u.
1337 3598 1390 3648 835

240 3678 271 3729 iu
289 3674 379 3729 BGD
451 3678 511 3726 835.
530 3673 624 3727 hercle
643 3673 741 3726 itidem
761 3674 842 3726 eliam
862 3674 1014 3727 Muellerus
1033 3674 1106 3729 Aula.
1128 3679 1177 3727 133
1202 3673 1295 3728 hercle
1314 3673 1392 3727 idem

241 3755 301 3810 Fu
319 3755 412 3808 hercle
437 3754 521 3823 (ercle
540 3753 580 3819 D)
600 3754 674 3806 diem
693 3753 782 3808 Βο1)
803 3755 1002 3821 Hemomirmue
1021 3757 1087 3823 o)-
1106 3754 1134 3807 A
1206 3759 1266 3809 838.
1286 3754 1391 3820 possies

240 3836 267 3888 11
286 3833 371 3903 pollis
386 3855 407 3887 ω
477 3832 540 3887 dieo
556 3833 627 3901 (dice
642 3832 705 3901 Da)
720 3854 741 3886 ω
757 3832 836 3888 edico
853 3833 1040 3887 Camerarius:
1058 3835 1104 3888 secl
1123 3834 1230 3889 diuersa
1245 3840 1284 3887 est
1297 3851 1320 3887 u.
1339 3838 1390 3888 159

239 3915 370 3970 condicio.
404 3930 456 3983 ego
475 3913 536 3968 dieo
553 3910 680 3983 Pylades.
755 3918 816 3968 842.
837 3913 860 3966 si
874 3914 1010 3983 prompsi·
1025 3914 1052 3967 Β
1066 3913 1088 3967 fi
1101 3913 1194 3988 protis
1203 3914 1230 3967 Β
1244 3912 1266 3967 [i
1280 3915 1390 3982 propiis

241 3994 296 4049 01)
316 3993 363 4061 qui
388 3993 556 4062 prompseris
582 3974 702 4062 Pylades
725 3994 872 4047 secuudum
891 3992 951 4047 ΒΖ
1040 3999 1099 4048 843.
1126 3993 1255 4062 eloquere
1281 3993 1390 4049 Pareus

239 4078 268 4129 te
288 4078 326 4147 (tp
349 4074 416 4140 01),
436 4091 485 4128 om.
505 4073 576 4140 Fu)
595 4073 709 4141 loquere
728 4092 749 4124 a
822 4074 881 4127 Aul
900 4078 951 4127 846
971 4079 1104 4139 1111847,
1129 4075 1175 4128 secl
1193 4074 1272 4127 illum
1286 4073 1389 4141 proba-

240 4157 325 4210 bilius
344 4171 393 4208 om.
414 4157 440 4206 Α
523 4159 582 4208 846.
608 4153 648 4206 sie
666 4152 694 4205 Il
712 4152 759 4206 hie
778 4173 799 4205 ω
881 4153 999 4207 111101)
1018 4153 1112 4206 illeB
1193 4157 1254 4208 848.
1279 4165 1390 4207 Locum

241 4237 297 4303 (secl
315 4236 364 4289 leae
383 4235 507 4300 arrasum)
527 4247 651 4288 Lusium
670 4233 702 4286 iu
720 4238 836 4287 eaelreruo
854 4249 932 4286 uersu
951 4233 1033 4285 elium
1052 4233 1079 4285 A
1099 4250 1159 4286 eum
1173 4253 1203 4300 φ.
1241 4232 1391 4287 Verborum

241 4316 363 4369 ordiuem
386 4313 478 4383 qualis
499 4314 530 4366 iu
554 4314 632 4367 libris
650 4313 772 4367 traditur
790 4313 874 4366 ‹leleio
893 4311 976 4366 nimis
996 4319 1056 4380 post
1079 4312 1194 4381 paulum
1218 4314 1257 4366 sie
1280 4329 1391 4369 serame

236 4396 339 4464 possis:
363 4393 459 4449 sedin
484 4394 555 4447 cella
578 4395 639 4447 eral
661 4392 815 4462 pauxillum
836 4392 922 4447 loeuli
941 4391 1049 4446 lr'rbrici.
1090 4393 1191 4446 Miuus
1205 4393 1298 4461 placet
1318 4395 1392 4461 quoa
