3038 4956
182 263 224 327 76
282 238 289 249 '
686 263 818 318 ensvn
1118 266 1156 322 iv
1175 274 1201 334 2,
1223 276 1328 326 m-sa

642 424 870 480 Pnnnoeoumcns

181 516 255 582 Non
275 515 356 582 mihi
375 517 513 582 auaritia
536 539 688 600 umquam
712 516 873 584 innatast:
898 518 978 584 satis
1002 520 1107 586 habeo
1131 519 1330 588 diuisisrum.

182 623 260 688 Plus
285 624 330 688 mi
354 623 425 688 auri
448 624 568 689 millest
590 624 796 689 mediminum
820 624 975 711 Philippi.

668 746 836 801 Pansnsmuo

965 821 1098 888 Praeter
1121 812 1327 891 thensauros:
1383 843 1385 851 ⁴

181 925 264 991 Tum
293 928 419 1011 argenti
446 928 581 1012 montis,
608 930 675 992 non
703 950 828 993 massas
856 929 966 994 habet:
998 928 1118 996 Ae‘tina
1140 953 1208 996 non
1231 953 1327 1017 aeque

980 1036 1089 1102 aliast.
1262 1054 1325 1104 meo

659 1121 841 1177 Minonmn’us

184 1192 256 1257 Heu
275 1194 382 1259 castor
404 1194 582 1277 periurum!

668 1292 836 1346 Psnsnsumo

608 1375 665 1465 tt.
677 1402 775 1466 ludo?

659 1521 843 1578 Mmonmmes

790 1615 874 1692 Quid
897 1618 982 1701 ego?
1005 1617 1042 1680 ut
1065 1616 1235 1682 subtecto?

669 1737 837 1792 Psnsnsnnm

1235 1811 1326 1878 Seite.

660 1895 843 1953 Minnnmsees

184 1986 245 2052 Sed
269 1987 385 2053 amabo
411 1988 530 2052 mittite
554 2010 605 2053 me
629 1990 783 2054 astutum.

670 2110 837 2166 Psnsnsmno

733 2193 818 2269 Quin
842 2199 877 2258 tn
901 2193 977 2260 huie
1001 2194 1175 2280 respondes
1199 2194 1329 2280 aliquid,

185 2298 252 2363 Aut
273 2298 433 2363 ficturum
462 2302 606 2365 autnon
629 2300 812 2364 facturum?
842 2301 918 2386 quid
942 2301 1031 2367 illam
1056 2301 1206 2366 miseram
1231 2302 1328 2367 enimi

908 2428 910 2432 “
983 2407 1160 2493 excrucias,

184 2503 273 2581 Quae
297 2509 475 2589 numquam
499 2507 583 2571 male
607 2506 645 2571 de
668 2508 701 2571 te
724 2505 892 2571 meritust?

643 2628 874 2684 Peneononnncns

741 2711 819 2776 Iube
843 2713 975 2796 eampse
998 2713 1084 2777 exire
1108 2712 1171 2777 hue
1195 2712 1235 2777 ed
1256 2735 1330 2778 nos:

183 2816 244 2880 Die
267 2838 319 2881 me
343 2816 454 2881 omnia
477 2838 560 2902 quae
584 2818 653 2881 uolt
675 2816 847 2882 ficturum.

661 2939 845 2993 Mmenmmes

600 3030 693 3095 Facis
716 3036 803 3096 mine
827 3034 864 3096 ut
887 3035 913 3096 te
935 3029 1040 3096 faeere
1063 3031 1240 3116 aequomst,
1265 3049 1331 3097 1066

185 3135 288 3212 Quom
313 3138 394 3221 quae
417 3141 449 3202 te
473 3138 544 3202 uolt
568 3137 703 3202 eandem
727 3142 761 3203 tu
786 3138 844 3202 uis.

644 3259 874 3314 Pnanoeemmcns

744 3341 820 3408 Non
843 3341 1003 3407 insulsum
1027 3342 1102 3407 huie
1125 3342 1332 3427 ingeniumst.

667 3464 849 3519 Msnnmomns

188 3556 290 3633 Quom
316 3579 367 3622 me
391 3557 561 3621 oratricem
584 3555 649 3620 hau
673 3554 823 3639 spre‘uisti
845 3552 979 3638 sistique
1003 3576 1134 3620 exorare
1158 3556 1196 3619 ex
1221 3559 1263 3620 te.

185 3662 268 3738 Quid
292 3667 356 3744 est,
380 3666 416 3728 m
439 3661 538 3727 ludo?

257 3836 333 3886 1000.
350 3829 568 3884 mediminumR
583 3829 699 3884 mosidifi
718 3829 746 3882 B
765 3828 922 3883 modiorum
941 3849 971 3897 φ.
1005 3828 1102 3884 Postee
1121 3830 1180 3884 vieti
1197 3847 1232 3884 ex
1249 3833 1336 3886 simili

185 3911 337 3978 corruptela
351 3911 383 3965 in
397 3910 486 3965 Stichi
499 3927 522 3964 o.
538 3915 589 3964 587
605 3910 776 3964 medimnum
793 3911 915 3964 elicuisse
929 3911 1092 3965 Muellerum
1102 3910 1176 3964 Aea.
1182 3926 1257 3979 pros.
1274 3917 1333 3980 144,

185 3996 264 4060 atqie
291 3992 332 4045 ibi
362 4007 466 4061 queque
493 3989 616 4044 modium
645 3993 709 4045 olim
736 3991 913 4046 substitutum
940 3996 985 4045 est.
1086 3995 1161 4043 1060.
1191 3989 1294 4046 Aetina
1320 4007 1335 4046 e

184 4072 325 4140 ylossariis
343 4071 470 4126 Loewius
483 4072 557 4125 anal.
580 4071 672 4125 Plani.
692 4076 744 4124 215
763 4072 849 4126 ethna
868 4072 965 4144 (ethna
980 4069 1016 4136 Ο)
1035 4069 1115 4125 mons
1131 4090 1161 4137 φ,
1183 4086 1233 4125 om.
1252 4071 1280 4124 B

187 4157 263 4206 1061.
290 4151 379 4206 salter
401 4152 428 4204 B
452 4149 557 4204 ecastor
580 4171 601 4219 φ
707 4157 784 4205 1060,
808 4151 913 4205 mittite
936 4167 980 4205 me
1006 4149 1029 4204 0
1049 4149 1130 4205 mitte
1154 4167 1199 4204 me
1222 4171 1244 4218 φ

174 4222 262 4285 ’1066
286 4232 402 4287 alterum
423 4231 620 4286 hemistichium
643 4231 852 4303 Pyryopoliniei
874 4231 1001 4285 tribuunt
1020 4229 1122 4299 Bon,
1148 4229 1336 4286 Palaestrieni

186 4318 245 4372 FZ
342 4326 419 4375 1067.
443 4319 494 4385 Οῶ
515 4338 559 4375 me
578 4321 605 4374 B
625 4319 748 4389 Cumque
768 4319 892 4388 (Cumque
912 4319 942 4373 F
959 4319 1104 4388 Quumque
1125 4320 1164 4388 Z)
1183 4335 1227 4372 me
1247 4339 1269 4386 φ

186 4417 219 4454 ex
237 4402 266 4454 te
288 4400 396 4467 frustra
419 4402 546 4455 sistentur
564 4402 596 4454 iii
616 4402 797 4470 suspicionem
815 4401 952 4455 vocas-isse
969 4400 1044 4454 Bria
1062 4405 1087 4454 et
1105 4399 1198 4453 Luchs
1216 4399 1248 4452 iii
1265 4400 1335 4456 netis
