3038 4956
137 241 164 293 ΙΙ
184 247 208 308 6,
228 247 323 295 etv-s
546 242 655 296 MILES
675 241 879 296 GLORIOSVS

636 403 789 456 Scensnuvs

556 487 641 552 Vidi.

596 609 830 663 Punirnneounsvs

671 701 773 765 Erum
797 702 951 765 exhibetis
975 703 1060 766 uolo.
1235 720 1286 768 545

637 823 789 878 Semnones

229 915 387 981 Meruisse
412 916 557 1000 equidem
581 939 632 981 me
656 917 841 980 murumum
865 916 970 980 fateor
993 917 1113 980 malum

230 1023 274 1086 nt
297 1023 371 1085 5555
394 1021 513 1086 fecisse
534 1045 585 1086 me
608 1021 757 1105 hospitae
782 1021 832 1084 aio
856 1021 1017 1088 iniuriam.

231 1129 293 1194 Sed
317 1130 421 1192 meam
444 1151 513 1192 esse
538 1129 647 1192 erilem
672 1129 884 1193 concubinam
908 1129 1033 1211 ce'nsui,

232 1236 316 1313 Quoi
340 1237 391 1299 me
414 1235 580 1300 custodem
604 1257 676 1300 erus
701 1235 825 1300 e'ddidit
847 1236 940 1300 miles
964 1258 1063 1301 meus,

232 1342 317 1407 Nem
341 1364 379 1405 ex
402 1346 466 1405 555
490 1345 588 1424 puteo
612 1341 749 1406 similior
771 1345 949 1426 numqudm
972 1343 1058 1426 potis
1239 1362 1290 1409 550

233 1451 327 1534 Aque
350 1451 450 1532 aeque
475 1449 571 1531 sumi,
595 1471 691 1533 quum
715 1448 794 1513 hee‘c
819 1453 869 1513 est
893 1455 988 1532 etque
1012 1450 1076 1513 isto
1098 1451 1237 1534 hdspita.

231 1558 276 1622 Ee
299 1560 350 1621 me
373 1558 510 1641 despexe
534 1556 574 1620 ad
597 1558 630 1620 55
652 1578 710 1639 per
733 1557 914 1640 inpluuium
938 1560 1029 1622 tuom

231 1665 359 1730 Fateor.

600 1750 835 1805 Puermseounuvs

387 1843 529 1920 Quidni
553 1841 676 1906 fateire
700 1843 745 1926 id,
770 1864 830 1928 ego
854 1843 940 1928 quod
963 1841 1123 1908 uiderim?

641 1965 793 2018 Scuounnvs

233 2060 278 2123 Et
300 2059 345 2122 ibi
369 2059 568 2124 osculantem
593 2057 659 2122 uidi
683 2080 754 2122 curn
779 2059 861 2123 istae
884 2059 1056 2142 hospitem.

601 2198 836 2252 anrusoouuuvs

234 2268 376 2336 Vidisti?

643 2358 795 2412 Scununuvs

403 2449 492 2515 Vidi:
516 2453 571 2515 555
594 2471 710 2535 negem
735 2451 821 2534 quod
844 2451 1003 2515 uiderim?
1146 2462 1148 2467 ’
1241 2467 1292 2514 555

235 2558 296 2623 Sed
320 2556 594 2623 Phssocomasium
618 2560 671 2620 me
694 2557 813 2622 uidisse
838 2559 955 2622 censui.

602 2697 836 2751 Pmuuuucouuuvs

235 2792 343 2856 Ratun
367 2793 410 2875 55,
434 2791 492 2874 dic,
516 2813 568 2854 me
591 2789 752 2854 homiuem
777 2811 846 2854 csse
870 2790 1014 2854 omnium
1039 2788 1178 2855 minumi
1199 2790 1294 2874 preti,

235 2899 270 2965 Si
293 2920 354 2982 ego
378 2900 430 2963 me
455 2898 575 2962 sciente
598 2898 727 2981 puterer
751 2897 858 2961 uicin6
883 2918 954 2960 meo

235 3006 317 3071 Eam
342 3003 416 3069 fieri
440 3004 524 3088 apud
548 3027 599 3067 me
621 3005 690 3067 tam
714 3003 871 3089 insignite
895 3003 1070 3068 iniuriam?

644 3126 796 3179 Semunrvs

237 3219 330 3284 Nunc
354 3218 484 3283 demum
508 3241 527 3283 5
547 3241 597 3282 me
616 3217 808 3302 insipienter
826 3217 948 3282 foetum
973 3240 1042 3282 esse
1061 3218 1210 3301 Arbitror,
1243 3234 1295 3281 555
1331 3248 1470 3445 Τ

148 3421 207 3469 545.
232 3427 416 3477 5551555555
435 3412 463 3465 Α
481 3415 508 3467 55
532 3411 662 3480 quideme
683 3411 762 3465 CDe
779 3412 808 3465 55
832 3411 947 3479 quidem
970 3414 999 3465 55
1022 3414 1112 3479 (erese
1131 3413 1169 3480 55)
1188 3411 1215 3462 Β

147 3535 207 3585 551,
226 3507 464 3592 5555555555·ΗΑΒ
481 3529 515 3596 (h.
536 3545 556 3583 e.
577 3542 739 3591 uuunnuo·
760 3546 829 3583 corr.
849 3530 881 3582 r'u
899 3533 1124 3595 5555555555)
1143 3529 1168 3580 Α
1181 3530 1295 3596 atquem
1317 3539 1321 3545 ·

148 3629 236 3678 aeque
250 3613 301 3666 Bu
314 3611 353 3666 Ae
366 3618 422 3680 qus
436 3629 506 3679 aque
523 3613 623 3680 (equae
644 3609 678 3677 0)
692 3609 770 3664 ODu
788 3608 871 3677 Aqua
895 3627 1002 3677 uqueo
1075 3613 1135 3663 552.
1155 3608 1211 3678 me]
1232 3623 1296 3662 555

148 3694 176 3759 (r'.
198 3709 218 3746 e.
243 3693 319 3760 med)
342 3694 369 3747 A
442 3697 501 3746 553.
526 3705 680 3755 55155555
698 3691 726 3744 A
807 3690 912 3745 fateare
935 3690 965 3743 id
990 3691 1143 3744 Muellerus
1163 3706 1238 3757 pros.
1261 3695 1295 3742 53

147 3787 330 3828 5555555555
349 3776 376 3827 A
395 3772 483 3828 fatear
504 3775 532 3827 55
549 3771 662 3826 BODe
680 3772 786 3826 fateare
805 3771 856 3824 Db
929 3775 988 3824 555.
1009 3769 1070 3824 uidi
1089 3771 1296 3840 ...hospitem

609 3858 641 3893 55
693 3858 702 3893 r

147 3909 304 3963 dubitanter
313 3909 458 3978 55555555.
478 3919 943 3973 55··5555·555555555555555
962 3906 998 3971 A,
1017 3907 1048 3959 iu
1063 3922 1115 3973 quo
1133 3907 1189 3959 solo
1208 3906 1295 3959 ethic

147 3995 172 4042 et
198 4005 309 4058 sequeus
334 4005 427 4043 uersus
454 3989 554 4042 seruati
580 3993 652 4041 suut.
686 3986 740 4040 Sed
767 3986 854 4040 dubie
873 3987 1012 4054 permulto
1030 3988 1167 4039 scrutanti
1185 3986 1295 4040 Loeut'o

146 4071 317 4135 restiteruut;
345 4086 440 4137 cepere
462 4068 637 4136 spatiumne
659 4073 724 4121 suut
747 4068 796 4121 hus
819 4068 874 4133 fere
898 4067 1094 4136 detineremur
1112 4080 1155 4117 55
1174 4067 1245 4119 duas
1265 4082 1294 4133 5,

147 4156 211 4205 unte
235 4165 254 4204 U
273 4150 380 4204 tertium
403 4163 435 4214 M,
450 4154 513 4217 post
531 4149 643 4201 eeuderu
666 4149 738 4202 1er
755 4163 774 4200 5
798 4148 840 4200 cel
858 4161 875 4199 Τ
895 4147 936 4199 uel
955 4159 977 4210 S,
997 4147 1029 4199 iu
1046 4148 1100 4212 555
1122 4162 1171 4222 uec
1190 4151 1253 4213 post
1273 4159 1294 4198 A

147 4247 198 4284 uec
219 4247 306 4298 cupre
328 4246 387 4283 eom
415 4230 548 4298 apperuit
571 4243 595 4280 M
618 4233 668 4281 eut
690 4229 747 4282 eice
770 4228 828 4280 eius
851 4227 958 4279 liueole.
1002 4243 1046 4279 me
1071 4226 1140 4293 aput
1168 4227 1194 4277 te
1223 4225 1296 4278 hene

148 4309 251 4364 vidisse
270 4309 412 4378 hospitam
428 4310 601 4363 Resoluitur.
674 4313 732 4361 557.
754 4310 836 4359 rotun
851 4306 887 4372 R,
906 4307 969 4358 item
987 4306 1136 4359 Bentleius.
1155 4317 1296 4359 5555555

148 4395 205 4458 Ao
279 4407 321 4456 es,
341 4389 399 4457 dic,
419 4406 463 4442 me
484 4389 511 4442 e
531 4402 652 4442 rsrrcrun
672 4391 697 4441 A
717 4404 761 4440 mo
780 4386 841 4440 istie
862 4405 883 4453 φ
